2206 3880
239 113 513 158 cannnnnnnlo
543 116 750 162 {sacculos
851 119 961 166 XXXII!

26 243 200 321 mplorctur.
232 243 268 314 2,
287 243 337 298 22.
359 245 494 318 quoniam
506 241 593 300 Iesus
616 264 672 302 aaa
691 255 736 302 est
751 243 889 306 Christus
906 269 961 324 pro

27 329 155 401 quoniam
176 322 264 382 Iesus
282 336 327 382 cst
348 323 491 380 Christus.
534 324 567 380 ln
583 325 702 384 Graecis
721 337 898 388 constanter:
922 327 962 386 du

24 403 117 476 Ἰησοῦς
132 403 180 462 οὐκ
192 406 262 462 ἔστιν
276 403 291 462 ὅ
306 403 433 479 Χριστὸς,
450 409 638 481 praecedente
650 414 818 486 negatione:
838 407 960 484 ὁᾶρνοῦ-

25 511 98 560 μενος.
143 489 257 546 Textus
271 490 436 546 censoribus
450 493 540 546 latina
554 492 660 566 duplex
672 495 805 570 negatio,
826 495 902 550 idem
915 497 960 552 bis

26 573 165 645 indicans,
182 591 240 628 non
254 572 416 644 affirmans,
433 573 484 630 ed
494 591 604 650 negans
622 575 742 646 lortius,
760 575 903 651 superflua
917 589 961 634 est

25 658 93 728 risa3
117 655 229 712 Noster
245 658 352 718 retinet
371 657 496 731 antiqua.
529 658 565 727 4,
585 657 630 714 19.
652 659 809 736 diligamus
828 661 960 729 invicem,

26 758 73 794 om.
85 737 199 810 Deum3
213 739 352 813 sequitur,
364 741 498 813 quoniam
513 737 596 795 Deus
603 742 693 817 prior
707 739 812 798 delexit
825 758 884 798 aas.
912 741 959 798 Si-

26 823 123 876 militer
141 819 349 876 Lacbmamsna
367 821 398 874 in
416 823 508 894 primo
528 819 709 878 hemisticbio
726 842 763 880 ex
773 825 958 882 orientalibus

25 903 137 960 testibus
152 905 252 958 omisit
264 896 343 956 αὐτὸν
354 905 401 959 rel
413 898 459 958 τὸν
472 898 540 958 θεὸν
553 906 698 980 traxitque
710 904 745 963 ad
759 923 884 962 amorem
896 927 958 964 mu-

26 995 113 1056 tuum,
136 989 221 1060 cujus
241 1003 326 1040 cansa
344 987 383 1041 sit
400 987 432 1040 in
450 988 579 1060 exemplo
593 984 649 1042 Dei
662 981 694 1062 (ὁ
708 981 775 1050 θεὸς
790 991 837 1044 vel
852 983 957 1069 odeis),

26 1069 67 1142 qui
77 1071 158 1142 prior
173 1085 226 1123 nos
240 1069 354 1124 amarit.
397 1065 540 1139 Invicem,
560 1069 635 1144 quod
652 1087 710 1124 non
724 1072 812 1126 estin
827 1069 957 1144 Graccis,

27 1150 68 1205 nbi
84 1152 255 1226 simpliciter
267 1151 403 1208 scribitur
416 1145 564 1223 ἀγαπῶμεν,
578 1153 779 1226 explicationis
792 1154 885 1210 instar
900 1159 956 1210 'am

27 1233 150 1306 adJ'unxit
163 1231 223 1290 Leo
238 1229 278 1286 M.
297 1264 333 1274 -
354 1233 388 1304 5,
401 1233 450 1289 20.
464 1233 524 1289 Hic
539 1243 682 1292 estserae
696 1252 752 1290 om.
765 1233 861 1302 Deae,
882 1231 957 1298 ουτός

28 1317 85 1369 torm
99 1311 113 1372 ὅ
127 1308 257 1384 ἀληθινὸς
271 1309 345 1378 θεός.
387 1314 478 1372 Pauci
492 1315 655 1372 Orientalcs
669 1319 807 1374 omittunt
817 1313 891 1382 θεὸς,
906 1321 955 1376 scd

27 1407 100 1455 notae
110 1399 260 1456 infemoris
274 1400 326 1454 illi.
354 1396 412 1456 Sed
426 1400 537 1454 etiamsi
551 1394 615 1462 θεὸς
627 1399 809 1459 retinendum
822 1402 871 1472 sit,
881 1403 956 1476 quod

27 1479 140 1538 dubitari
153 1483 266 1558 nequit,
279 1491 375 1537 tamen
389 1483 547 1538 enuntiatio
562 1501 620 1538 non
633 1483 669 1538 ad
683 1480 844 1554 Christum,
859 1485 908 1540 sed
921 1485 956 1540 ad

27 1560 109 1620 Deum
119 1565 273 1622 referenda
286 1573 339 1636 cst,
353 1584 417 1620 cum
430 1567 468 1620 sit
481 1563 561 1624 Deus
573 1567 736 1640 subjectum
749 1584 856 1642 regens
869 1564 955 1641 hujus

26 1651 190 1718 sententiae,
212 1647 247 1702 de
260 1666 315 1723 qna
327 1667 360 1703 re
375 1655 487 1704 constat
498 1647 583 1704 bodie
597 1650 674 1706 inter
688 1650 878 1722 explicatores
892 1669 955 1706 cor-

29 1728 96 1786 datos
114 1741 143 1786 et
164 1739 272 1788 acutos.
315 1729 390 1786 Nam
407 1729 456 1786 bic
475 1749 587 1807 quoque
604 1734 685 1788 locus
702 1734 732 1788 in
751 1735 954 1788 controversiis

28 1812 186 1888 dogmaticis
206 1814 241 1870 dc
256 1811 370 1870 Christo
390 1811 452 1870 Deo
472 1833 674 1888 saepenumero
692 1816 768 1870 male
789 1816 954 1872 intellectus

29 1906 69 1950 est.
83 1895 163 1954 Dicit
174 1894 301 1952 loannes
312 1897 346 1952 de
354 1893 564 1954 Monotbeismo
577 1917 657 1968 vero,
671 1917 722 1971 per
732 1895 877 1954 Christum
888 1907 953 1954 tan-

29 1977 80 2033 dem
94 1979 256 2054 patefacto,
277 1979 308 2034 id
325 1979 400 2054 quod
416 1982 463 2038 vel
481 1998 519 2036 cx
536 1982 715 2054 oppositione
732 1980 911 2036 idololatriac
924 2001 951 2038 r.

29 2061 67 2115 ll.
80 2071 107 2118 et
119 2071 222 2120 contra
236 2081 299 2118 eam
312 2061 505 2118 admonitione
519 2073 563 2118 cst
575 2063 767 2118 manifestum.
784 2093 820 2104 -
837 2061 909 2120 sio.
924 2065 952 2120 9.

27 2148 68 2216 qai
79 2157 159 2204 amat
170 2148 338 2224 primatum
352 2162 461 2220 genere
479 2165 530 2220 pro
554 2149 604 2222 qui
627 2155 708 2204 amat
723 2148 887 2225 primatum
904 2168 952 2225 gc-

26 2245 91 2299 rere,
106 2224 120 2284 ὃ
133 2223 337 2302 mammam.
381 2227 413 2284 Si
427 2247 485 2284 non
498 2248 582 2301 vera,
596 2231 747 2306 ingeniosa
761 2238 805 2286 est
816 2232 950 2286 varietas.

28 2304 180 2386 Diotrephis
200 2313 276 2368 mala
293 2311 403 2370 indoles
419 2310 588 2368 cernebatur
605 2313 770 2387 reJiciendis
785 2310 908 2388 bospitio
925 2325 953 2368 et

29 2402 98 2450 coetu
112 2393 285 2452 Christianis
309 2403 338 2450 et
362 2396 512 2452 calumniis
529 2397 561 2450 in
582 2415 631 2452 eos
649 2395 826 2472 spargendis.
869 2397 952 2461 Quod

29 2485 109 2543 potest
122 2497 186 2534 esse
199 2478 388 2552 superbientis
402 2480 491 2534 animi
504 2477 539 2534 ob
548 2480 664 2554 generis
674 2479 862 2536 nobilitatem.
881 2475 954 2534 Utut

31 2558 72 2627 sit,
90 2561 118 2616 in
131 2579 196 2617 roc.
210 2555 407 2633 φιλοπρωτεύων
418 2561 526 2618 residet
539 2565 667 2636 speciosa
679 2562 866 2637 ambiguitas,
882 2580 953 2636 qnae

29 2644 180 2700 manslatori
194 2643 359 2700 liberiorem
368 2643 514 2717 aperiebat
524 2663 664 2720 campum,
675 2652 810 2700 contexta
823 2646 953 2698 oratione

30 2727 164 2782 nonsatis
185 2734 263 2782 certo
287 2725 440 2783 definiente
465 2727 667 2803 significatum.
711 2725 783 2784 Cum
804 2735 900 2780 tamen
920 2727 952 2780 in

30 2800 192 2880 Graecitate,
205 2811 334 2885 quamvis
348 2811 527 2864 rarissimum
540 2812 588 2880 sit,
605 2819 687 2866 notet
698 2801 895 2881 φιλοπρωτεύων
909 2807 952 2864 di-

29 2889 131 2948 stincte:
149 2893 298 2968 affectare
309 2895 548 2970 primnspcrtce,
556 2895 732 2970 primatum,
745 2891 895 2948 retinenda
907 2893 952 2948 ri-

29 2967 96 3028 detur
112 2981 229 3048 recepta
245 2976 340 3030 lectio.
368 2972 443 3030 310.
461 2975 506 3030 10.
522 2977 632 3050 eosqui
645 2976 765 3052 copiunt
775 2993 827 3048 pro
841 2991 887 3030 eos
902 2977 954 3050 qui

29 3057 192 3133 saepiunt,
206 3058 353 3131 aptissime
365 3057 402 3115 ad
416 3055 467 3114 Gr.
481 3050 541 3119 τοὺς
554 3055 735 3128 decimiacum
758 3066 906 3131 receptus,
919 3065 952 3112 ut

30 3151 112 3210 saepe,
132 3141 195 3196 rim
214 3138 301 3195 habet
319 3141 432 3216 glossae
449 3158 476 3195 r.
490 3139 703 3213 paraphraseos.
745 3137 799 3194 Est
812 3149 908 3194 tamen
922 3147 952 3192 et

29 3217 204 3294 independens
220 3224 251 3278 in
265 3224 375 3298 aliquot
393 3222 528 3278 subsidiis
544 3221 621 3278 baud
641 3221 822 3296 spernendis,
844 3221 894 3275 scd
913 3237 950 3274 ex

30 3301 113 3360 eodem
124 3304 240 3361 ridetur
254 3305 349 3360 studio
363 3305 526 3380 explicandi
539 3323 639 3362 vocem
649 3306 743 3379 specie
757 3303 951 3359 obscuriorem

29 3377 139 3446 fluisse.
182 3385 247 3444 Hoc
266 3389 330 3444 loco
343 3389 422 3444 valet
435 3405 527 3443 canon
540 3390 673 3459 criticus,
688 3388 808 3443 caeteris
824 3383 951 3458 paribus,
