2206 3880
240 129 517 173 commissario
545 130 753 174 lsscocrcs.
856 126 967 174 XXXIX

34 259 114 329 ioret,
141 265 273 328 castam,
294 266 470 328 conectam,
490 260 624 332 politam,
647 267 676 312 et
695 261 852 333 apostolico
869 265 964 318 textui

35 359 109 416 quam
122 341 248 396 maxime
260 341 449 415 propinquam
461 358 562 414 parare
575 341 737 396 editionem.
780 341 855 406 Quid
869 342 964 400 enimi

37 423 108 490 Quod
115 425 203 478 tantis
213 421 458 478 lucubrationibus
469 431 596 478 tentatur
605 425 636 478 in
644 425 763 500 reliquis
777 426 963 498 scriptoribus

35 507 220 581 antiquitatis,
242 506 292 580 qui
305 513 335 558 et
346 506 465 578 optimi,
488 514 517 560 et
534 506 706 576 mediocres,
729 515 757 562 et
771 515 871 564 tenues
884 519 961 578 sunt,

36 598 75 658 ut,
96 597 232 663 quantana
246 587 311 642 lieri
323 595 433 660 potest,
453 589 546 643 limati
560 598 589 642 et
611 590 746 664 castigati
759 590 911 662 prodeant,
934 592 964 646 id

36 673 61 725 in
71 668 170 726 Bibliis
183 671 296 746 graecis
309 671 464 745 latinisque
476 688 535 726 non
549 671 663 726 efficere
677 669 871 729 studebimusl
905 671 963 728 Ta-

36 771 108 825 nen,
121 755 147 809 si
161 752 230 829 quid
242 755 346 822 sentio,
358 753 390 806 in
403 751 457 808 hac
470 772 503 808 re
517 755 649 810 concludi
661 753 704 810 ias
719 763 762 810 est
775 773 794 810 a
807 757 915 812 minori
925 757 966 812 ad

36 837 138 908 majas,
166 855 254 910 quum
280 835 408 890 codicem
433 853 547 892 sacrum
566 838 651 893 multi
669 837 795 892 dixerint
812 838 963 912 dicantque

38 919 131 974 ibrum
143 918 289 975 librorum.
302 949 343 957 —

90 999 192 1057 Studia
207 1003 240 1056 in
257 1001 390 1056 versione
405 998 530 1077 Vulgata
545 1004 620 1058 serio
639 1005 778 1058 collocata
791 1003 963 1076 adjuvantur

37 1085 170 1140 volumine
192 1101 310 1158 operoso
331 1101 433 1139 recens
462 1084 539 1139 edito
562 1083 630 1141 hoc:
659 1082 893 1142 concordantiae
909 1083 963 1140 Bi-

38 1165 313 1222 llioramsacraram
333 1161 478 1240 vulgatae
507 1167 643 1222 editionis
667 1167 707 1224 ad
734 1169 962 1244 recognitionem

34 1249 107 1319 jassa
124 1247 207 1306 Sinti
228 1245 259 1302 V.
277 1246 360 1304 Pont.
378 1247 460 1304 Man.
479 1247 585 1305 Bibliis
612 1247 773 1306 adhibitam
796 1251 963 1305 recensitae

38 1339 113 1406 atque
130 1331 302 1388 emendatae
324 1349 361 1386 ac
375 1328 446 1408 plns
467 1349 552 1406 qaam
570 1332 679 1406 uiginti
698 1331 821 1406 qaiaqae
837 1329 963 1386 millidas

37 1413 178 1470 ceruicalia
193 1421 317 1482 auctae,
332 1415 451 1490 insapcr
466 1421 495 1468 et
512 1415 589 1470 notis
603 1413 770 1481 historicis,
785 1411 963 1491 geographi-

38 1497 86 1564 cis,
99 1495 244 1552 clronicis
257 1494 469 1572 locupletatae,
490 1515 564 1552 cara
578 1506 608 1552 et
629 1497 727 1554 stadia
747 1493 830 1550 Ru.
848 1493 962 1550 Dorm-

37 1591 102 1649 sou,
125 1576 268 1654 Theologi
295 1587 324 1632 et
346 1577 530 1634 Professoria.
575 1577 653 1652 Opus
680 1579 805 1634 dicatum
823 1575 887 1633 DD.
915 1577 963 1635 De

40 1658 152 1732 Qaelea,
174 1659 334 1716 Parisiensi
351 1659 581 1736 Arcbiepiscopo.
624 1659 744 1716 Parisiis
769 1661 844 1735 apud
864 1658 962 1716 Belin-

38 1741 154 1814 llandar,
168 1741 392 1819 Typographum
405 1753 434 1798 et
446 1743 628 1818 bibliopolam
642 1744 794 1814 editorem,
812 1746 861 1800 via
873 1745 962 1819 vulg-o

39 1825 104 1882 dicta
117 1822 319 1882 Salat-Andri
334 1826 382 1882 des
396 1825 479 1898 Arts,
499 1827 546 1882 55.
562 1823 866 1882 MDCCCXXXVlll.
884 1827 962 1880 1484

93 1992 145 2057 Qui
157 2011 227 2049 vero
246 2010 298 2066 pro
310 1993 388 2048 vitae
404 1992 523 2046 consilio
539 2000 568 2046 et
580 2008 686 2066 genere
700 1989 833 2046 abhorret
846 2009 863 2044 a
876 1991 960 2045 rebus

41 2074 151 2147 criticis,
169 2077 195 2130 is
214 2083 313 2130 utatur
331 2073 386 2130 hac
404 2074 530 2128 editione
549 2081 712 2148 stereotypa
726 2081 869 2142 correcta,
889 2091 962 2148 quae

39 2165 137 2214 textam
150 2155 304 2214 Clementis
322 2155 397 2212 Vlll.
414 2159 570 2233 genuinum
589 2159 731 2225 continet,
753 2174 803 2230 pro
826 2158 962 2225 manuali,

39 2243 232 2310 praetermissis
258 2240 429 2296 lectionibus
454 2239 647 2309 variantibus,
680 2240 711 2294 in
737 2257 820 2294 usum
847 2241 962 2312 pietatis

40 2319 205 2380 christianae.
249 2320 325 2378 Huic
339 2325 415 2378 enim
427 2323 529 2396 pietati
541 2321 726 2392 excitandae,
747 2321 897 2392 serendae,
912 2341 962 2377 au-

38 2405 133 2478 gendae
144 2405 260 2462 tandem
273 2407 365 2462 omnis
380 2406 511 2462 doctrina
524 2408 622 2461 servit.
646 2435 682 2446 —
708 2402 868 2460 Discidium
880 2405 963 2460 fune-

40 2495 105 2542 stum
122 2491 197 2544 inter
215 2486 553 2544 Romanae-Catholicae
571 2498 600 2542 et
612 2485 838 2543 Protestantium
855 2487 963 2542 sormu-

41 2569 78 2622 lae
89 2581 254 2642 sectatores,
276 2572 359 2627 novis
374 2572 447 2627 odiis
460 2569 603 2646 flagrans,
622 2572 652 2624 in
670 2568 726 2625 hoc
742 2572 849 2625 lumine
862 2572 961 2626 litera-

41 2667 94 2706 rum
111 2673 201 2730 neque
226 2671 356 2709 curemus
379 2672 471 2728 neque
489 2655 717 2708 extimescamus.
760 2651 867 2706 Omnes
887 2653 961 2704 enim

40 2736 94 2790 reri
108 2739 230 2792 nominis
246 2734 413 2806 Christiani,
435 2737 537 2810 quibus
551 2735 627 2791 bunc
642 2734 787 2790 offerimus
800 2733 918 2802 librum,
932 2733 962 2786 iu

41 2814 119 2874 literis
131 2821 219 2875 sacris
233 2828 369 2894 tanquam
388 2821 420 2874 in
432 2821 518 2876 unico
534 2828 562 2873 et
574 2817 691 2891 limpido
704 2817 837 2872 caelestis
850 2817 962 2890 sapien-

41 2899 176 2956 tiaelonte
189 2904 372 2958 conveniunt.
414 2899 499 2970 Feci,
517 2920 590 2977 quae
608 2909 638 2954 et
657 2901 770 2954 animus
784 2896 898 2954 Christo
913 2899 960 2953 de-

43 2977 107 3038 ditus
119 3003 163 3039 me
174 2984 292 3058 jubebat
305 2984 412 3054 lacere,
423 2992 451 3038 et
465 2985 576 3040 sincera
588 3002 636 3040 res
645 2983 824 3058 theologicas
835 3001 886 3056 pro
900 3000 961 3036 mo-

41 3059 97 3118 dulo
109 3067 213 3122 virium
223 3067 344 3140 juvandi
355 3067 499 3122 voluntas.
538 3065 584 3121 lta
595 3068 675 3137 vale,
688 3066 728 3120 mi
740 3067 846 3134 lector,
860 3062 961 3137 bisque

41 3146 130 3204 studiis
156 3149 229 3204 fave.
273 3147 336 3204 Sor.
364 3150 394 3204 in
422 3145 618 3206 Universitate
645 3151 793 3203 literarum
819 3145 961 3219 Lipsiensi

41 3225 102 3300 ipsis
113 3228 257 3287 Natalitiis
272 3230 432 3288 Salvatoris
445 3249 470 3286 a.
481 3251 509 3306 p
521 3229 590 3287 Chr.
604 3225 887 3288 Mocccxxxlx,
904 3257 938 3267 ..

358 3397 632 3448 ⁴⁸0⁸>-
