2230 3878
159 129 208 178 tlt
275 127 484 179 EPISTULA
501 127 625 177 PAULI
643 125 694 174 ΑΙ)
714 123 809 173 Rom.
830 125 915 175 CAP.
934 122 999 174 ts.

158 231 207 277 Dei
216 244 268 276 non
276 231 410 277 haesitavit
416 231 559 286 diffidentia,
566 229 610 274 sed
643 227 724 272 adhuc
733 227 824 273 infirmi
835 240 954 286 essemus,
960 229 1098 274 secundun

160 300 362 344 confortatusest
371 297 495 355 lide‚dans
502 297 609 354 gloriam
644 299 740 351 tempus
752 307 799 351 pro
810 295 892 352 impiis
902 297 1025 340 mortuus
1037 297 1089 340 esti

160 367 229 422 Deo,

193 434 231 477 21.
259 433 404 490 plenissime
433 432 525 489 sciens,
553 431 610 486 quia

158 512 327 555 quaecumque
336 499 460 557 promisit,
472 501 562 556 potens
572 499 611 542 est

158 569 284 612 etlacere.

191 637 231 678 22.
250 634 309 679 ideo
325 635 350 678 et
363 633 505 690 reputatum
520 633 559 677 est
572 631 611 676 illi

158 701 326 758 adjustitiam.

192 769 231 812 23.
255 769 313 812 Νοιι
333 768 471 812 astantem
490 765 609 822 scriptum

158 838 253 879 tantum
267 837 372 892 propter
386 834 480 891 ipsum,
496 833 554 890 quia
567 846 610 878 re-

159 904 270 958 putatum
280 905 319 947 est
328 901 366 946 illi
376 901 407 946 ad
415 901 551 959 justitiam;

194 985 233 1030 24.
252 985 296 1031 sed
306 987 331 1031 ct
341 988 444 1044 propter
455 997 511 1044 nos,
522 984 611 1040 quibus

159 1053 314 1112 reputabitur
330 1053 489 1099 credentibus
503 1052 530 1096 in
545 1065 609 1106 eum,

159 1121 201 1176 qui
223 1121 353 1166 suscitavit
375 1121 460 1166 Jesurn
486 1119 609 1164 Christum

159 1188 292 1233 Dominum
304 1191 419 1234 nostrum
429 1201 443 1232 a
453 1186 568 1242 mortuis,

192 1273 231 1316 25.
242 1272 285 1328 qui
294 1273 443 1318 traditusest
452 1273 555 1327 propter
566 1269 611 1314 de-

158 1337 497 1396 lictanostra,etresurrexit
509 1339 611 1394 propter

157 1406 362 1462 justificationem
372 1409 492 1450 nostram.

294 1602 393 1653 'CAR
423 1603 455 1654 V.

159 1703 217 1744 Fide
229 1702 348 1754 justificati
363 1716 403 1757 spe
414 1701 534 1754 gloriamur
544 1703 611 1743 tellus

158 1759 267 1802 advorsis.
298 1758 382 1802 Christi
403 1759 532 1800 obedientia
543 1758 610 1809 justi-

190 1817 288 1858 ficanur.
320 1816 355 1858 De
366 1814 450 1856 Adana
462 1815 576 1870 antitypa.

191 1912 213 1954 1.
232 1910 364 1956 Justiflcati
374 1921 436 1966 crgo
446 1922 480 1954 ex
489 1907 550 1963 tide,
565 1920 610 1963 pa-

158 1991 210 2022 cem
221 1978 355 2024 habeamus
371 1977 401 2022 ad
411 1978 490 2022 Deum
501 1988 546 2032 per
556 1975 610 2018 Do-

157 2047 252 2090 minum
262 2046 467 2090 nostrumJesum
475 2043 610 2100 Christum,

192 2114 214 2156 2.
234 2126 279 2169 per
298 2127 371 2169 quem
390 2116 416 2157 et
433 2112 552 2156 habemus
567 2123 610 2155 ac-

158 2193 256 2224 cessum
281 2193 327 2235 per
355 2179 427 2224 tidem
453 2179 480 2222 in
505 2177 611 2233 gratiam

157 2247 244 2302 istam,
259 2245 286 2289 in
297 2259 344 2300 qua
354 2250 460 2302 stamus,
475 2251 500 2288 et
514 2244 610 2300 gloria-

158 2325 213 2356 mur
223 2312 250 2355 in
261 2324 304 2367 spe
314 2311 412 2369 gloriae
423 2310 531 2355 tiliorum
540 2311 596 2355 Dei.

194 2379 216 2422 3.
235 2379 292 2422 Non
307 2378 388 2423 solum
407 2381 503 2432 autem,
524 2377 568 2421 sed
586 2381 611 2422 et

158 2445 298 2502 gloriamur
332 2445 359 2490 in
398 2443 610 2502 tribulationibus,

159 2513 281 2570 scientes,
297 2512 363 2568 quod
372 2510 501 2556 tribulatio
512 2511 610 2568 patien-

158 2581 220 2626 tiam
230 2583 364 2636 operatum

191 2651 215 2693 4.
233 2647 355 2706 patientia
378 2649 460 2691 autem
479 2646 609 2703 probatio-

159 2730 224 2774 nem,
236 2715 351 2772 probatio
363 2726 425 2758 vero
435 2725 513 2770 spem,

193 2787 215 2827 5.
234 2795 291 2838 spes
302 2784 384 2827 autem
397 2793 448 2826 non
463 2780 609 2835 confundit3

159 2851 216 2904 quia
231 2849 338 2895 charitas
353 2848 401 2894 nei
420 2848 509 2894 diffusa
528 2850 566 2892 est
584 2847 611 2891 in

159 2917 276 2962 cordibus
302 2916 396 2961 nostris
424 2929 468 2972 per
491 2915 610 2972 Spiritum

160 2987 298 3038 sanctumn,
309 2984 351 3039 qui
362 2983 432 3027 datus
443 2986 481 3028 est
490 2982 571 3027 nobis.

193 3053 215 3094 6.
233 3051 265 3096 Ut
274 3051 332 3107 quid
343 3051 408 3096 enim
420 3050 541 3107 Christus,
555 3062 610 3094 cum

183 3156 191 3171 ¹¹
203 3146 250 3182 infr.
261 3159 278 3181 c.
289 3150 307 3187 8,
318 3151 345 3183 15.

217 3294 272 3348 Cap.
288 3293 328 3336 Ν.
358 3298 392 3335 2³.
409 3292 609 3335 Denmtvcrbnad
618 3291 736 3342 justitiam.

676 363 699 405 t.
713 362 764 406 Vix
774 362 840 407 enim
846 375 893 418 pro
901 363 1042 419 justoquis
1054 377 1098 408 mo·

644 429 721 485 titur,
729 442 786 474 nam
796 441 843 485 pro
849 430 917 474 bono
928 431 1046 475 forsitan
1053 433 1098 486 quis

644 497 735 542 audeat
744 496 816 542 mori.

678 565 701 607 8.
721 562 901 608 Commendst⁰
915 566 1002 608 autem
1021 564 1098 609 chari-

644 633 721 675 tatem
731 643 800 675 suam
806 631 875 676 Deus
885 630 913 675 in
922 631 997 676 nobis
1006 646 1014 687 ς
1023 645 1098 687 quon-

644 697 694 742 iam
704 711 761 742 cum
773 697 853 742 adhuc
867 699 1020 754 peccatores
1036 712 1098 742 esse-

644 778 708 822 mus,
719 764 855 810 saoundum
865 767 972 822 tempus,

678 834 701 876 9.
721 832 833 880 Christus
843 845 890 888 pro
901 833 975 878 nobis
985 837 1098 877 mortuus

645 901 697 955 est,
708 899 787 944 multo
798 899 875 956 igitur
885 899 965 956 magis
975 913 1057 956 nunc,
1062 901 1098 955 jn-

645 966 744 1011 stificati
755 966 780 1010 in
791 966 916 1024 sanguine
926 965 1022 1024 ipsius,
1040 967 1097 1011 salvi

646 1033 738 1079 erimus
748 1035 779 1079 ab
788 1033 827 1078 ira
836 1046 882 1090 per
892 1034 981 1090 ipsum.

678 1102 718 1145 1⁰.
738 1100 765 1146 Si
775 1100 841 1145 enim
853 1113 909 1146 cum
923 1101 1020 1146 inimici
1032 1115 1097 1146 esse-

645 1181 708 1225 mus,
718 1167 878 1214 reconciliati
888 1181 973 1212 sumus
987 1168 1046 1214 Deo
1057 1181 1096 1225 per

644 1237 752 1280 mortem
765 1234 825 1279 Filii
839 1235 909 1291 ejus;
924 1235 1004 1280 multo
1020 1237 1095 1292 magis

645 1301 811 1360 reconciliati,
823 1301 887 1347 salvi
898 1302 991 1347 crimus
1007 1303 1034 1348 in
1051 1304 1096 1346 vita

645 1370 732 1428 ipsius.

679 1439 719 1481 11.
736 1437 794 1481 Non
805 1435 888 1482 solum
902 1439 1001 1494 autem3
1016 1438 1060 1482 sed
1074 1443 1094 1481 et

645 1503 803 1562 gloriamur?
813 1503 901 1549 inDeo
913 1505 1093 1561 perDominum

645 1575 759 1616 nostrum
781 1571 867 1616 Jesum
890 1572 1031 1626 Christum,
1055 1586 1093 1628 per

645 1653 718 1696 quem
727 1651 795 1684 nunc
808 1639 1045 1685 reconciliationem
1055 1653 1092 1684 ac-

646 1707 765 1764 cepimus.

679 1775 719 1818 12.
737 1773 875 1830 Propterea
883 1773 1089 1832 sicuttperunun

644 1841 771 1886 hominem
781 1841 912 1897 peccatum
917 1841 944 1886 in
950 1841 1017 1887 hunc
1026 1855 1090 1886 mun-

646 1908 702 1953 dum
721 1907 837 1965 intravit,
862 1910 887 1953 et
906 1922 952 1964 per
971 1914 1089 1966 peccatum

644 1981 743 2031 mors'3
758 1978 783 2020 et
798 1975 833 2019 ita
847 1975 873 2020 iu
885 1988 975 2020 omnes
986 1977 1089 2022 homiues

644 2056 713 2088 mors
727 2042 887 2100 pertransiit,
901 2043 929 2087 in
944 2057 995 2098 quo
1013 2056 1089 2088 omnes

645 2113 821 2167 peccaverunt.

679 2178 718 2221 13.
737 2177 819 2232 Usque
829 2175 859 2222 ad
870 2175 953 2234 legem
964 2179 1029 2222 enim
1039 2192 1087 2234 per-

645 2247 726 2292 catum
736 2247 789 2289 erat
799 2244 823 2287 in
834 2244 942 2300 mundo,
958 2249 1089 2301 peccatuu1⁸

644 2317 727 2357 autern
737 2323 789 2355 non
799 2310 981 2368 imputabatur,
992 2327 1044 2358 cum
1053 2312 1088 2356 lei

644 2381 781 2424 nonesset.

678 2447 718 2490 14.
751 2444 800 2490 Sed
828 2447 946 2502 regnavit
973 2461 1039 2491 mors
1062 2449 1086 2490 ab

644 2513 723 2558 Adam
732 2525 811 2569 usque
826 2512 857 2556 ad
867 2514 977 2572 Moysen
988 2514 1056 2559 etiam
1066 2515 1084 2556 in

645 2594 702 2637 eos,
718 2580 760 2635 qui
775 2592 827 2624 non
841 2585 1012 2636 peccaverunt
1025 2579 1083 2626 iasi-

644 2647 809 2692 militudinem
872 2647 1083 2704 praevaricationis

644 2715 722 2772 Adae,
733 2714 775 2772 qui
786 2717 824 2759 est
834 2715 930 2760 tormat
939 2715 1025 2760 laturi.

679 2784 718 2826 15.
744 2781 793 2827 Sed
815 2794 868 2826 non
887 2781 951 2828 siout
971 2783 1081 2830 delictum,

645 2849 680 2894 ita
690 2853 715 2894 et
725 2849 825 2894 donum.
853 2849 880 2894 si
890 2849 957 2894 enim
968 2851 1038 2894 unius
1048 2849 1081 2892 dc-

644 2916 704 2962 licto
724 2915 796 2960 multi
815 2915 908 2960 mortui
927 2920 997 2973 sunt,
1015 2915 1080 2960 multo

668 3001 728 3038 ‘'Job.
738 3006 760 3044 3,
774 3003 802 3038 1⁶.
820 3006 855 3044 10,
868 3006 896 3039 17.
921 3002 976 3039 ers.
989 3007 1044 3043 5,Ιί
1057 3011 1078 3044 sq·

644 3049 709 3084 tiulr.
719 3061 737 3084 v.
749 3051 776 3085 18.
801 3053 828 3083 'l
841 3047 884 3084 Cor.
898 3052 933 3091 15,
946 3052 975 3085 21.
990 3060 1018 3096 sq.
1039 3048 1072 3082 Ger·

643 3099 705 3138 ³,19.
729 3101 801 3141 'tuph
812 3107 829 3131 c.
842 3097 867 3137 4,
880 3097 909 3132 1⁵.
934 3098 970 3132 iv.
984 3099 1010 3132 m.
1026 3092 1077 3129 lCor·

643 3145 751 3184 15‚45.47.

794 3290 820 3331 V.
853 3295 870 3331 l.
888 3291 1006 3332 Justlucatt
1016 3289 1068 3338 igitur

161 3356 180 3393 2.
197 3362 309 3393 accessum
325 3351 432 3392 habemus
445 3348 497 3389 sule-
527 3352 547 3390 8.
564 3360 625 3389 susam
640 3347 768 3394 caritatem
785 3345 837 3387 ibid.
857 3347 920 3387 Deus
938 3347 962 3386 in
976 3359 1022 3391 nos,
1037 3342 1071 3382 ihu

163 3407 464 3459 rteestsacundumtampus.
503 3407 523 3446 9.
543 3401 614 3446 multo
629 3402 699 3452 magis
711 3402 780 3454 igitur
791 3402 909 3452 justificati
924 3415 987 3442 nunc.
1018 3398 1076 3440 min

162 3462 220 3504 hunc
230 3465 334 3505 msrndum
346 3468 463 3518 peecatum
473 3461 572 3502 intravit.
603 3463 635 3500 1³.
654 3471 697 3498 non
708 3457 831 3511 imputatur
841 3471 891 3500 curn
902 3456 941 3498 lex
950 3471 992 3499 noa
1001 3461 1035 3496 est.
