2206 3880
224 147 502 194 ΟΟΜΜΕΝΤΑΤΗ)
531 147 740 194 ΙὸΑΘθΘΙΟΑ.
855 147 953 194 xxvu

76 275 254 352 Argumenta
274 277 400 350 napitnns
416 295 474 334 eun
488 275 619 334 Essiam
631 278 693 336 lere
705 279 802 336 omnia
815 287 877 336 tum
889 295 953 334 mu·

24 359 153 428 terimus,
178 359 317 432 ampliora
330 360 391 417 illie
405 359 570 431 reddentes,
588 359 636 418 hic
657 359 874 429 conuehentes,
891 369 953 418 tum

24 442 129 496 meliore
141 438 305 498 Latinitate
319 441 503 513 donavimus,
523 443 600 518 quod
618 462 652 500 ee
664 443 810 502 emendari
829 451 857 500 et
869 460 953 515 posse

24 521 87 578 lund
99 522 214 580 difficili
227 525 356 600 negotio,
371 533 399 580 et
413 525 509 586 deberi
522 528 764 582 intellexeramus.
780 555 816 568 -

76 604 137 660 Jam
149 607 289 662 lectiones
302 609 463 678 variantes,
482 627 519 662 ex
531 629 586 685 quo
602 627 708 685 genere
721 612 795 678 sint,
816 626 853 664 ne
865 609 951 664 nimis

25 689 105 744 obiter
117 688 241 764 praefati
254 708 315 747 esse
328 689 488 761 videamur,
503 709 686 765 exponamus.
722 691 784 757 Quo
799 689 951 748 dilucidius

25 769 83 842 loe,
101 773 185 846 quale
199 773 253 842 sit,
272 773 466 849 intelligatur,
485 773 559 830 hanc
578 776 690 848 copiam
701 777 784 848 jurat
797 775 828 829 in
842 773 952 830 classes

27 853 193 910 distribuere.
236 853 281 910 Ad
293 853 363 910 haec
377 856 438 912 sere
451 868 559 932 genera
572 865 744 914 revocantur
757 873 863 912 omnes.
877 885 912 896 -

77 934 96 991 l.
120 934 196 992 Sunt
215 941 460 1014 transpositiones
478 940 631 996 verborum
655 947 685 996 et
703 940 821 998 dicendi
831 940 952 1009 formu-

27 1037 89 1088 rum,
102 1021 278 1086 omissiones,
294 1023 524 1098 insertionespue
538 1021 670 1080 leuiores.
705 1019 749 1076 Ea
763 1021 954 1095 discrepantia

27 1103 96 1156 utin
119 1102 251 1158 omnibus
273 1105 414 1160 versionis
432 1103 574 1180 Vulgatae
598 1103 759 1173 codicibus,
786 1106 836 1178 qui
860 1112 954 1160 aetate

28 1185 104 1240 multo
118 1183 255 1240 inferiore
270 1193 337 1240 sunt
350 1187 461 1260 scripti,
472 1189 595 1244 saeculis
605 1186 719 1262 quidem
729 1183 783 1242 Xl.
792 1183 860 1240 Xll.
870 1183 952 1240 Xlll.

29 1276 52 1320 et
62 1267 251 1342 sequentibus,
260 1267 493 1344 frequentissima
507 1281 551 1326 est
564 1266 717 1348 ¹),ituuee
730 1269 761 1327 in
772 1277 870 1324 nostro
879 1268 952 1322 libro

28 1366 90 1404 rure.
121 1347 272 1426 Exempla,
285 1359 318 1406 ut
331 1353 417 1407 nimis
432 1355 532 1424 multa,
546 1353 645 1410 odiosa
659 1360 740 1424 sunt3
763 1351 864 1427 quavis
878 1351 954 1408 eninr

29 1435 120 1508 pagina
138 1435 273 1508 reperies.
315 1431 359 1490 lta
377 1454 401 1490 e.
421 1455 445 1492 c.
463 1444 493 1492 et
514 1438 667 1512 omissum,
693 1444 792 1494 autem
816 1435 954 1493 insertum

31 1532 218 1588 saepenumero
234 1525 286 1572 est.
329 1514 409 1574 Hace
423 1520 494 1576 talia
508 1519 646 1578 debentur
663 1519 793 1576 ineuriae
812 1525 841 1574 et
858 1534 955 1574 sosor-

32 1596 84 1652 dise
95 1599 258 1656 scribarum.
300 1595 460 1660 Fatendum
477 1602 592 1677 quidem
606 1611 665 1671 est,
677 1602 738 1658 rim
751 1600 886 1659 dictionis
905 1618 955 1674 ge-

32 1681 134 1736 nuinam
152 1680 198 1738 his
211 1684 377 1758 plerumque
389 1703 446 1741 non
461 1687 582 1760 ettingi3
604 1685 653 1740 sed
667 1693 763 1740 tamen
772 1681 858 1756 huius
871 1685 957 1742 etiem

32 1765 133 1838 regulae
155 1782 215 1820 non
242 1764 344 1822 desunt
369 1770 562 1841 exceptiones.
607 1765 650 1824 Cf.
674 1786 698 1822 e.
723 1786 747 1822 e.
766 1763 835 1822 Lue.
856 1766 886 1836 8,
906 1765 955 1822 25.

33 1843 156 1904 dudiatur
173 1847 209 1902 ad
226 1846 298 1906 haee
311 1867 370 1906 vox
383 1846 412 1906 J.
426 1848 489 1906 Ait.
505 1850 645 1927 Bengeli,
660 1851 730 1904 clari
748 1857 777 1904 et
795 1865 863 1904 vere
880 1846 956 1904 obri-

35 1929 107 1984 stiani
118 1932 303 2004 interpretis,
321 1934 383 2006 qui:
414 1951 532 2009 „neque
545 1935 604 1988 ulla
616 1933 758 1997 varietas,
774 1932 884 2004 inquit,
897 1939 956 1984 turn

35 2014 116 2083 gravis
136 2023 197 2083 est,
212 2021 245 2068 ut
262 2014 328 2070 inde
346 2017 497 2092 religionis
515 2033 625 2072 summa
637 2013 775 2088 pendeat,
792 2030 884 2087 neque
897 2021 956 2066 tum

34 2093 93 2148 levis
106 2097 175 2166 ulle,
199 2105 232 2150 ut
249 2099 357 2153 veritas
374 2097 539 2172 Apostolioa
552 2115 611 2154 non
624 2099 663 2154 sit
676 2095 862 2170 praeferende
875 2097 956 2153 vitiis

35 2175 228 2236 librariorum.“
245 2209 281 2220 —-

85 2258 115 2316 ll.
135 2261 312 2319 Mutationes
335 2280 467 2333 casuum,
493 2281 677 2328 numerorum
703 2265 734 2320 in
759 2263 956 2330 substantivis,

38 2350 175 2418 temporum
187 2345 219 2400 in
231 2346 342 2418 verbis,
362 2348 585 2421 compositorum
597 2349 629 2402 in
642 2347 786 2418 simplicia
799 2345 898 2400 erebro
911 2363 957 2400 re-

38 2427 176 2498 periuntur,
186 2446 271 2504 saepe
280 2429 405 2504 quidem,
419 2431 477 2486 imo
490 2431 657 2506 plerumque
672 2436 773 2486 eontra
786 2429 958 2505 elegantiam

39 2507 125 2566 latinae
142 2513 282 2568 orationis
301 2512 410 2584 factae,
432 2512 482 2570 sed
498 2513 536 2570 ad
556 2515 700 2570 veriorem
717 2511 842 2582 indolem
860 2520 957 2568 textus

40 2595 117 2662 paesi
134 2595 316 2670 aperiendum
334 2613 446 2672 graves.
488 2596 532 2653 Ad
547 2593 660 2654 Graeca
680 2595 728 2652 rel
747 2594 839 2653 denuo
856 2611 957 2667 perre-

40 2676 150 2748 stiganda
168 2679 216 2734 rel
236 2677 429 2735 confirmanda
448 2681 496 2736 vel
515 2677 691 2738 emendanda
707 2676 779 2735 buce
796 2677 866 2734 talia
883 2673 958 2734 haud

41 2759 120 2832 exigui
136 2759 270 2834 ponderis
288 2771 364 2818 sunt.
407 2760 441 2818 V.
463 2764 540 2820 inter
559 2763 616 2818 aliu
634 2757 704 2816 Lne.
728 2760 757 2830 8,
774 2759 803 2814 3.
817 2760 859 2814 eis
874 2749 958 2831 (apo-

41 2839 126 2918 stolis).
167 2841 212 2898 De
228 2862 284 2920 qna
297 2845 432 2915 lectione,
446 2845 637 2918 locupletibus
650 2843 772 2900 testibus
785 2840 914 2915 probata,
930 2850 959 2896 st

41 2927 150 2982 examine
163 2925 260 3003 digna,
269 2945 302 2984 s.
321 2925 421 2983 Voler.
435 2930 466 2984 in
476 2926 512 2984 N.
522 2925 557 2984 Τ.
572 2927 608 2982 ad
623 2925 650 2981 h.
664 2926 695 2996 l.,
710 2927 760 3000 qui
772 2933 867 2980 tamen
885 2926 959 2982 rnole

42 3007 181 3078 contendit,
193 3011 396 3084 apostolorum
413 3013 589 3067 mentionem
600 3026 659 3066 non
676 3027 739 3066 csse
757 3008 864 3064 instaur
882 3015 958 3062 ante.

42 3081 75 3140 Εἰ.
86 3107 109 3144 r.
126 3091 149 3146 l.
162 3087 254 3148 lleete
267 3090 383 3150 Sebolz.
397 3087 486 3158 αὐτοῖς
499 3095 531 3150 in
544 3101 658 3152 textum
669 3091 803 3161 admisit,
821 3090 896 3165 quod
910 3091 958 3144 de-

42 3217 359 3241 ------..-.....

95 3306 118 3364 1)
135 3309 357 3367 'transpositiones
369 3315 395 3358 et
405 3312 557 3359 omissiones
569 3313 703 3358 verborum
713 3323 833 3368 perquam
844 3307 959 3364 vulgares

45 3379 88 3414 eus
95 3372 119 3417 in
128 3376 252 3423 codicibus
264 3377 361 3425 biblieis
371 3379 467 3439 latinis,
480 3380 542 3428 vidit
552 3381 663 3426 Senosz
674 3378 700 3423 in
710 3376 727 3422 l.
738 3377 798 3423 bibl.
808 3375 868 3422 krit.
876 3374 960 3420 Reice.

45 3438 181 3488 nse-ss.
192 3443 320 3504 (Leipzig,
330 3448 405 3496 1823.
416 3446 452 3506 8·)
766 3510 798 3546 ²·
