2206 3880
252 121 362 166 nixus
384 121 521 172 QUINTI
543 123 767 168 rasurum.
924 123 981 168 LIII

33 252 196 310 praesumat,
212 249 263 298 nisi
276 249 363 298 habito
377 251 449 308 prius
464 251 613 310 exemplari,
622 252 649 298 in
664 252 846 312 'typographia
858 252 981 299 Vaticana

32 347 148 394 excuso,
173 334 311 391 eodemque
326 334 484 392 inquisitoris
498 336 641 383 haereticae
656 337 789 395 pravitatis
803 336 858 394 ejus
873 337 982 394 provin·

32 421 99 479 ciae,
115 419 176 479 vel,
192 418 215 464 si
224 417 361 476 inquisitor
375 419 402 464 in
412 432 442 464 ea
451 420 585 478 provincia
594 433 647 467 non
658 420 691 466 sit
701 421 846 478 deputatus,
856 419 980 478 Episcopi

32 503 150 561 ciusdem
160 502 213 548 ioci
221 515 297 548 manu
307 502 412 560 propria
422 504 577 563 subscripto,
590 504 666 562 juxta
675 505 753 563 illud,
768 517 801 550 ne
809 503 913 550 minima
922 503 980 559 qui-

32 587 87 634 dem
97 586 229 645 particula
242 587 352 645 munta,
367 585 465 646 addita,
483 587 525 633 vel
539 588 659 634 detracta.
693 587 829 645 Postquam
844 600 907 634 vero
920 585 979 632 libri

32 671 99 717 sacri
114 670 156 717 sio
169 669 280 716 fideliter
293 669 381 718 excusi
394 669 503 731 luerint,
518 685 566 718 nec
579 675 640 718 tunc
655 672 756 729 quidem
767 672 922 729 vendantur,
938 673 981 715 aut

32 754 205 813 emulgeatur,
215 754 266 800 nisi
276 753 346 812 prius
356 753 440 800 delato
450 765 539 802 rursus
549 756 581 802 ad
590 755 780 816 inquisitorem,
797 755 838 802 sel
850 755 981 802 deficiente

31 839 204 896 inquisitore,
214 837 247 883 ad
256 837 410 896 Episcopum
420 839 560 898 exemplari
570 843 600 887 ab
610 841 649 887 eis
659 844 734 888 antea
743 839 895 898 subscripto,
906 838 981 884 iidem

31 922 90 970 libri
97 923 181 981 juxta
187 921 251 968 illud
260 922 391 983 impressi,
407 935 461 970 cum
474 935 506 970 eo
516 923 663 984 diligenter,
679 927 705 971 et
714 927 831 972 accurate
841 923 940 980 collati,
956 925 982 967 et

33 1006 211 1066 inquisitoris,
223 1005 265 1052 rel
274 1005 301 1052 iu
311 1008 431 1053 eventum
440 1007 606 1067 praedictum,
615 1007 737 1067 Episcopi
747 1009 832 1068 signo,
842 1010 886 1054 aut
895 1007 981 1053 chiro-

34 1093 150 1150 grapho,
159 1090 229 1148 quod
238 1089 305 1136 inter
315 1103 343 1136 se
352 1103 458 1148 prorsus
469 1091 634 1151 concordent,
645 1092 719 1138 tidem
732 1093 856 1152 faciente,
877 1094 902 1138 et
917 1094 981 1136 atte-

35 1179 129 1235 stante,
140 1173 276 1234 approbati
287 1173 428 1220 extiterint.
461 1175 565 1234 Verum,
576 1149 695 1232 quodiam
705 1189 738 1222 ex
749 1176 835 1235 variis,
847 1187 911 1232 quae
920 1175 981 1220 hac-

35 1264 110 1308 tenns
120 1260 154 1306 ad
163 1258 304 1318 marginem
314 1257 423 1304 adscribi
432 1261 633 1320 consueverant,
643 1259 809 1318 lectionibus,
823 1257 887 1304 illud
897 1257 982 1314 sequi-

37 1347 77 1391 tur
85 1342 258 1402 incommodi,
269 1355 299 1388 ac
308 1341 455 1401 molestiae,
466 1343 546 1402 quod,
558 1357 614 1390 cum
623 1344 730 1403 primum
741 1341 887 1400 hujusmodi
896 1341 982 1387 varie-

37 1435 75 1474 tas
86 1427 169 1476 oculis
180 1426 313 1485 objicitur,
328 1425 432 1472 lectoris
442 1427 552 1474 animum
561 1430 593 1474 ab
604 1441 636 1475 eo
642 1459 650 1489 ,
668 1427 736 1486 qnod
744 1429 805 1475 tuuc
814 1427 893 1474 instat
902 1437 982 1483 agen-

39 1511 105 1572 dum,
116 1513 209 1560 avocat
215 1541 223 1570 ,
234 1509 354 1567 illumque
364 1509 450 1556 alieno
461 1511 536 1568 plane
545 1513 660 1570 tempore
670 1512 702 1558 ad
712 1525 742 1558 ea
748 1541 757 1570 ,
771 1511 873 1568 quaein
887 1509 983 1556 codici-

40 1596 84 1641 bus
95 1596 245 1653 dissonam,
258 1595 325 1641 inter
335 1607 363 1640 se
373 1595 529 1642 conferenda
538 1595 660 1654 traducit,
676 1609 724 1642 nec
738 1595 815 1642 facile
830 1597 869 1642 est
877 1594 905 1641 in
914 1597 984 1641 tanta

40 1678 181 1726 lectionum
197 1677 385 1735 multiplicitate
400 1679 538 1736 scripturas
552 1679 681 1726 inoffenso
695 1679 760 1738 pede
774 1691 939 1738 percurrere,
960 1681 985 1725 et

40 1775 71 1809 ea
79 1763 153 1822 quasi
162 1762 229 1810 silva
238 1761 392 1810 diversitatis
403 1763 496 1823 oblata,
507 1777 571 1821 quae
582 1764 671 1821 quibus
681 1764 863 1822 praeponenda
872 1763 932 1821 sint,
943 1763 984 1808 in-

41 1849 206 1907 ternoscere,
224 1847 278 1892 Nos
288 1847 408 1904 optimum
419 1849 495 1907 iactu,
506 1847 605 1905 piisque
615 1848 731 1895 omnibns
741 1851 839 1907 gratum
849 1849 906 1894 fore
916 1848 984 1893 arbi-

41 1933 115 1992 trati,
134 1931 305 1979 ntEcclesiae
323 1931 369 1977 filii
386 1935 417 1978 ab
431 1932 470 1978 bis
484 1932 707 1992 perplexitatibus,
727 1931 839 1989 ejusdem
853 1929 985 1978 Ecclesiae
1072 1995 1074 2002 γ

40 2015 146 2075 iudicio,
156 2016 298 2063 liberentur
308 2015 436 2076 (pr.4.),
450 2019 525 2073 utque
536 2029 590 2076 eos,
601 2017 691 2074 quibus
701 2029 777 2062 unum
787 2013 923 2071 baptisma,
933 2026 985 2058 una

41 2100 171 2160 ideamus
180 2113 238 2159 spes
249 2101 392 2148 vocationis
403 2103 450 2160 est,
458 2100 610 2148 dissentiens
620 2114 674 2150 nou
684 2100 779 2148 dividat
788 2098 864 2144 lectio
875 2096 985 2154 scriptu-

41 2196 137 2245 rarum,
147 2197 252 2242 quarum
263 2184 420 2243 potissimum
430 2185 579 2232 indifferens
589 2184 725 2232 consensio
738 2197 782 2230 eos
795 2182 878 2230 debuit
890 2182 917 2228 in
926 2183 985 2228 uni-

41 2270 120 2316 tateffi
129 2269 233 2327 spiritus
246 2267 380 2328 copulare;
404 2270 568 2328 anctoritate,
584 2271 611 2315 et
624 2269 715 2316 tenore
726 2267 871 2325 praemissis
881 2266 985 2314 manda-

43 2365 114 2414 mus,
128 2353 290 2412 utvnlgatae
304 2355 424 2402 editionis
433 2353 629 2412 Bibliaposthac
638 2351 743 2398 nonnisi
752 2351 889 2398 uniformia
898 2351 986 2408 impri-

43 2439 159 2497 mantur,
174 2450 223 2484 nec
238 2437 332 2496 aliquid
342 2452 357 2485 a
367 2442 440 2486 textu
450 2439 577 2486 diversum
587 2437 613 2483 in
622 2435 738 2494 margine
748 2436 880 2482 scribaturv
915 2435 986 2488 Quae

44 2533 107 2569 sero
118 2521 225 2568 antehac
234 2523 430 2580 quibuscumque
444 2523 473 2569 in
482 2521 546 2568 locis
556 2522 679 2580 impressa
689 2521 761 2580 sunt,
776 2521 851 2578 juxta
860 2519 927 2566 hunc
936 2531 986 2564 no-

43 2607 124 2653 strum
139 2607 238 2653 textum
251 2606 282 2652 ad
299 2609 415 2666 verbum,
432 2607 502 2653 etad
517 2606 628 2652 litteram
643 2605 813 2663 corrigantur.
848 2599 926 2659 quue
936 2605 986 2646 tam

42 2689 223 2749 iuimpressis,
238 2703 312 2748 qnam
326 2691 353 2738 in
363 2690 535 2748 imprimendis
545 2689 705 2746 Missalibus,
722 2685 875 2741 Brevioriis,
890 2684 986 2730 Officiis

42 2771 136 2820 Beatae
146 2773 244 2820 Mariae
253 2775 376 2834 Virginis,
387 2769 527 2832 Psaltcriis,
538 2772 687 2828 Ritualibus,
697 2767 895 2826 Pontificalibus,
907 2769 985 2813 Gere-

42 2857 210 2914 monialibus,
225 2861 250 2904 et
259 2858 316 2905 aliis
325 2858 513 2906 Ecclesiasticis
523 2857 610 2915 libris,
625 2853 707 2912 quoad
718 2865 760 2898 eas
770 2855 865 2898 tanturn
876 2852 985 2910 scriptu-

42 2953 86 2990 rae
96 2941 235 3000 lectiones,
251 2945 277 2988 et
287 2944 376 3001 verba,
393 2955 457 2999 quae
467 2956 500 2988 ex
510 2940 619 2999 Vulgata
629 2938 740 2984 editione
752 2940 862 2995 sumpta,
873 2940 949 2994 atque
958 2937 986 2984 in

42 3026 138 3072 eisdem
152 3024 224 3072 libris
238 3025 335 3071 inserta
350 3027 428 3072 fuisse
439 3028 551 3084 constat3
569 3023 662 3080 ubique
672 3022 796 3068 servetur.
831 3021 859 3068 Si
873 3021 928 3078 quis
938 3033 984 3066 au-

42 3111 93 3158 tem
102 3109 288 3169 Typograpisus
299 3110 325 3155 in
335 3111 531 3168 quibuscumque
547 3107 649 3166 regnis,
664 3105 819 3164 civitatibus,
835 3104 985 3162 provinciis,

44 3197 68 3241 et
81 3193 148 3240 locis
161 3195 213 3238 tans
227 3196 344 3253 nostrae,
359 3198 385 3240 et
399 3196 425 3241 S.
434 3195 463 3239 R.
473 3193 504 3239 E.
514 3192 611 3238 ditione
625 3191 653 3236 in
667 3188 847 3246 temporalibus
857 3187 986 3246 subjectis,

45 3291 119 3336 quam
126 3290 181 3324 non
192 3277 321 3336 subjectis,
332 3278 426 3337 Biblia,
438 3289 584 3333 sacramque
595 3274 750 3331 Scripturam
760 3272 828 3318 intra
838 3271 988 3318 decennium

44 3360 199 3419 praedictum
210 3373 311 3417 quoquo
321 3361 412 3419 modo;
435 3361 508 3419 lapso
519 3362 602 3406 autem
612 3357 737 3405 decennio
748 3355 822 3401 aliter
832 3367 905 3412 quam
913 3355 988 3414 juxta

45 3443 189 3504 hujusmodi
198 3445 329 3504 exemplar
338 3448 370 3494 ab
383 3445 550 3505 inquisitore,
560 3457 619 3503 seu,
633 3442 660 3488 in
674 3442 730 3500 eJ'us
741 3440 874 3500 delectum,
885 3442 915 3488 ab
925 3441 988 3500 Epi-
