2206 3880
143 97 203 141 xv1
352 93 627 141 commenderis
656 93 865 140 lsnuoulcs.

144 234 209 282 rant
228 225 341 292 decem,
364 233 394 278 et
413 233 479 278 octo
499 225 575 278 inter
593 225 740 298 episcopos
761 234 790 280 et
808 224 984 296 cardinales,
1016 229 1088 282 inter

142 327 213 384 quos
234 308 290 363 fuit
303 305 442 361 Venerab.
457 304 626 362 Patriarcha
639 305 775 383 Apuezou
794 301 862 384 (int.
876 306 1087 386 Aquilejensis)

144 410 209 448 cum
223 393 360 446 comitatu
367 387 543 444 Clericorum
553 398 582 444 et
592 391 714 447 aliorma
722 391 862 446 honorum
869 393 1001 446 virorum
1013 395 1085 446 etc.“

143 471 213 530 Post
233 473 478 530 enumerationem
498 474 685 548 reliquiarum
705 473 904 549 subjungitur:
935 471 999 544 „Et
1019 493 1086 528 non-

143 557 236 612 nullas
258 558 330 612 alias
349 553 654 611 honorificentissimos
674 565 703 611 et
722 556 935 612 colendissimus
949 558 1085 632 reliquias

143 638 323 694 infinitorum
338 655 411 711 pene
425 635 612 708 Sanctorum,
633 657 706 715 quae
723 657 833 694 summa
852 657 916 694 eum
933 636 1084 694 affectione

142 723 174 776 in
188 723 311 778 armario
330 721 388 775 loci
407 739 569 791 sacrorum,
592 723 653 778 sive
672 723 805 777 sacristia
824 721 991 777 reconditae
1011 732 1083 788 sunt,

142 821 195 858 nec
208 823 264 860 non
281 802 368 860 Vetus
382 800 546 880 Noctemque
565 801 797 872 Testamentum,
814 822 865 860 seu
880 804 998 861 bibliam
1013 807 1083 860 scri-

137 893 225 962 ptam
238 886 370 942 menibus
382 885 545 942 beatorum·
551 886 708 965 pontificis
724 884 889 965 Gregorii.“

206 966 263 1024 Hic
278 973 362 1042 juvat
379 971 558 1040 meminisse,
573 971 709 1026 volumen
726 969 876 1041 biblicum,
898 980 1023 1046 quatuor
1044 975 1080 1026 in-

142 1052 244 1124 primis
262 1053 492 1127 evangeliorum,
515 1053 549 1108 ab
569 1053 777 1128 antiquissimis
795 1053 933 1108 ecclcsiae
946 1057 1079 1127 tempori-

142 1133 196 1189 hns
208 1135 285 1189 inter
297 1153 379 1190 sacra
390 1129 504 1204 κειμήλια
518 1135 608 1191 fuisse
622 1143 782 1205 servatum,
797 1143 837 1205 et,
850 1134 933 1191 finita
946 1135 1078 1210 Episcopi

142 1216 180 1273 ad
190 1218 326 1292 populum
339 1219 473 1286 lectione,
487 1219 584 1294 sigillo
599 1236 681 1273 cereo
695 1219 844 1274 munitum.
875 1215 908 1274 Id
920 1219 996 1294 quod
1010 1219 1077 1274 haud

143 1299 227 1355 dubie
240 1301 349 1356 sactum
362 1309 406 1355 est
419 1301 581 1356 imitatione
594 1303 681 1364 moris
693 1301 819 1375 judaici,
839 1320 875 1355 ex
889 1320 944 1376 quo
959 1303 1009 1358 lex
1023 1301 1078 1357 Μο-

142 1384 220 1438 saica
232 1381 428 1437 Pentateucho
443 1385 550 1456 scripta
565 1377 667 1463 (sapin)
682 1386 712 1438 in
725 1385 810 1438 altari
824 1401 989 1460 synagogae
1003 1386 1076 1459 quasi

141 1467 205 1522 loco
227 1473 409 1520 sacrosancto
438 1466 522 1521 condi
545 1468 618 1522 solet
639 1465 780 1542 hodieque
804 1463 943 1522 conditur.
988 1465 1076 1522 Tanto

140 1548 232 1623 igitur
244 1545 352 1602 honore
367 1547 457 1604 codex
471 1557 515 1604 est
524 1547 649 1620 habitus,
663 1557 696 1604 ut
709 1551 740 1603 in
755 1550 970 1604 consecratione
983 1549 1076 1622 templi

141 1628 241 1686 eodem
254 1648 318 1685 cum
331 1631 462 1706 reliquiis
476 1633 566 1688 sacris
581 1634 645 1687 loco
659 1640 769 1688 secreto
782 1641 943 1706 poneretur.

204 1709 352 1786 Superest,
366 1722 399 1768 ut
411 1713 446 1770 de
458 1712 547 1770 Petro
561 1711 687 1779 Abbete‚
703 1733 720 1769 a
732 1712 934 1792 Langobardis
949 1715 1074 1780 oriundo,
1092 1773 1093 1794 ,

140 1795 190 1871 qui
203 1813 283 1851 eraso
297 1797 413 1850 nomine
425 1796 586 1864 Servaeum,
608 1816 691 1853 snum
707 1799 739 1852 in
759 1798 964 1872 epigrammate
977 1814 1074 1852 nomen
1092 1813 1093 1818 ¹

139 1875 216 1934 hunc
230 1881 262 1934 in
274 1878 388 1934 modum
403 1879 565 1937 substituit:
922 1917 936 1930 κ

202 1959 309 2018 Petrus
331 1960 589 2040 Langobardorum
619 1964 759 2020 extremis
791 1962 827 2032 de
846 1960 959 2032 finibus
992 1962 1074 2018 abbas

140 2044 288 2116 dicantur,
309 2063 381 2120 quae
399 2047 556 2102 memoriae
574 2045 709 2102 mandata
722 2053 796 2100 sunt.
839 2043 892 2098 Vir
904 2044 961 2100 fuit
976 2061 1074 2120 magna

140 2130 312 2184 auctoritate
326 2128 399 2201 apud
410 2130 564 2202 principes,
579 2139 609 2184 et
623 2128 750 2184 codicem
763 2135 892 2183 nostrum
905 2129 1072 2182 monasterio
1091 2137 1092 2215 p

140 2229 191 2266 suo
205 2212 395 2283 comparavit,
414 2211 512 2266 multis
530 2210 653 2266 forsitan
665 2211 797 2266 nummis.
839 2208 999 2286 Privilegia
1011 2213 1072 2265 item

138 2309 197 2348 non
215 2310 306 2366 pauca
323 2291 496 2366 adsequatur
509 2301 570 2363 est,
588 2302 621 2348 ut
639 2311 656 2347 a
671 2291 802 2350 Guidone
815 2291 885 2366 hup.
900 2311 925 2347 a.
941 2293 1002 2348 892
1020 2311 1072 2348 am·

139 2375 298 2448 plissimum
317 2374 441 2448 diploma
457 2393 509 2448 pro
531 2375 747 2432 confirmatione
761 2378 888 2432 omnium
900 2375 1037 2432 bonorum
1051 2383 1073 2428 et

138 2457 247 2530 jurium
270 2459 454 2527 monasterii,
478 2465 512 2514 ut
532 2458 566 2513 ab
589 2455 740 2534 Aruulprrbo
758 2455 827 2532 Imp.
848 2448 953 2512 asso
981 2468 1072 2514 eontra

139 2541 244 2610 laicos,
271 2542 320 2615 qui
341 2541 507 2613 opulentum
525 2542 730 2614 patrimonium
756 2540 886 2598 coenobii
904 2541 1071 2606 invaserant,

139 2631 172 2678 ut
185 2640 203 2677 a
214 2620 392 2687 Obrista'uno,
407 2621 676 2696 episcopoClnsino,
690 2640 715 2676 a.
730 2622 788 2680 911
805 2623 1071 2698 indulgentcAbhati

140 2705 263 2760 decimas
273 2723 371 2762 omnes
384 2701 425 2784 ¹).
445 2703 524 2782 Ergo
533 2709 655 2762 multum
667 2707 798 2778 interest,
808 2714 841 2762 ut
854 2705 1015 2782 distinguas
1030 2706 1070 2760 do·
1089 2745 1090 2758 r

138 2796 268 2843 natorem
287 2789 394 2845 codicis
412 2792 529 2863 ejusque
547 2789 782 2864 interpolatorem
800 2787 922 2846 Petrum
940 2786 1070 2846 Abbutem

138 2869 316 2926 Amiatinum
329 2873 442 2928 saeculo
456 2869 510 2927 lx.
526 2881 555 2927 ct
568 2869 609 2926 X.
623 2869 774 2926 llorentcm
788 2889 805 2926 a
817 2872 958 2945 scriptore
977 2881 1006 2926 et
1027 2889 1069 2926 au-

140 2961 219 3008 ctore
233 2953 384 3012 Seruanda
402 2951 515 3010 Abbete
535 2955 665 3011 coenobii
688 2952 835 3010 inferioris
848 2952 949 3009 Italiae
969 2953 1068 3010 ordinis

137 3031 297 3107 Benedicti,
306 3035 422 3092 homine
435 3039 548 3094 saeculo
559 3036 606 3093 Vl.
623 3046 651 3093 et
663 3035 808 3111 Gregorio
818 3035 856 3092 M.
865 3039 987 3112 aequali.
1016 3037 1068 3101 Quo

138 3127 236 3174 autem
256 3119 341 3176 modo
359 3118 467 3176 Petrus
484 3119 578 3176 Abbas
599 3123 629 3176 in
653 3121 862 3194 possessionem
881 3119 988 3176 codicis
1008 3117 1067 3176 Ser·

137 3388 146 3433 ¹
205 3324 281 3436 nupt.
301 3325 468 3437 pqqtpriorem
491 3328 587 3382 partem
604 3324 726 3372 historiae
746 3324 865 3372 coenobii
879 3325 943 3383 apud
958 3325 1068 3371 ersom

148 3403 186 3434 .c.
196 3403 220 3448 p.
265 3395 318 3436 8-
374 3425 380 3437 .
