2206 3880
160 119 240 163 nvrn
372 113 883 160 rasnrnrroaonncronnu.
979 91 982 95 ’

158 250 184 293 in
195 246 337 294 sententiis.
374 243 533 302 sophronius
544 255 652 301 quoque,
665 243 704 288 vir
714 242 905 302 cruditissimus,
917 242 1095 300 S.llieronyni

157 331 351 378 translationem
365 341 418 374 non
427 327 526 372 Latinis
540 327 631 385 modo,
646 327 691 372 sed
701 327 777 373 etiam
786 325 891 371 Graecis
906 323 981 371 valde
998 327 1094 383 probari

158 415 371 471 animadvertens,
382 411 446 457 tanti
456 423 512 456 eam
521 410 595 469 fecit,
606 413 634 456 st
643 407 797 457 psalterium
807 411 832 455 et
841 409 980 467 propbetas
993 421 1030 455 ex
1039 410 1092 455 llic-

5 461 13 530 ἰ
65 525 66 530 =
155 499 257 558 ronymi
266 497 386 544 versione
394 495 423 540 in
434 488 557 540 Graecum
567 495 679 553 eleganti
688 507 807 540 mmone
815 491 985 539 manstulerit.
1018 495 1091 538 Porro

156 583 199 640 qui
209 581 289 628 secuti
299 582 370 637 sunt,
383 579 431 624 viri
441 578 592 638 doctissimi,
602 578 744 637 Remigius,
755 577 836 636 Beda,
846 577 962 623 Rabanns
972 607 980 636 ,
989 578 1090 636 llaymo,

156 665 300 723 Anselmus,
310 664 401 708 Petrus
411 662 537 721 Dardani,
546 662 694 718 Richardns,
703 663 788 720 llugo,
798 661 951 720 Bernardus,
962 660 1089 718 Repertus,

156 746 428 806 PetrusLembardns,
442 746 602 806 Alexander,
621 746 753 804 Albertus,
767 745 892 804 Thomas,
907 745 1088 802 Beneventum,

156 831 283 889 ceterique
316 843 416 889 omncs,
431 830 475 886 qui
488 830 527 878 bis
537 830 676 888 nongentis
690 828 764 874 annis
779 828 806 874 in
815 827 933 876 Ecclesia
945 830 1088 884 floruerunt,

1 909 21 974 ’ζ’
62 939 63 942 ¹
157 913 728 974 sanctiliieronymiversioneitasuntusi,ut
752 913 1088 972 ceteraequuepenemnu-

156 998 290 1048 merabiles
305 1000 391 1057 erant,
410 997 483 1056 quasi
494 997 580 1056 lapsae
595 997 626 1043 de
639 997 754 1042 manibus
769 996 976 1054 Tbeologorum,
996 995 1087 1052 penitus

157 1081 340 1128 obsoleverint.
374 1082 460 1135 Quare
470 1093 523 1126 nun
533 1079 800 1128 immaritoCatholica
808 1079 927 1127 Ecclesia
938 1079 963 1126 S.
970 1079 1088 1136 Hierony-

34 1207 52 1246 ,1
61 1173 79 1208 Γ.
157 1179 225 1213 mum
235 1166 366 1214 doctorem
374 1167 524 1224 maximum,
540 1167 615 1221 atque
627 1163 663 1209 ad
672 1164 816 1222 Scripturas
829 1167 916 1210 samse
926 1163 1087 1220 interpretau-

158 1251 201 1296 das
211 1250 332 1298 divinitus
344 1251 481 1297 excitatum
491 1249 527 1294 ita
537 1247 661 1306 celebrat,
675 1251 703 1294 ot
714 1247 767 1306 jam
777 1247 879 1294 difficile
889 1259 943 1292 non
953 1247 987 1292 sit
996 1247 1087 1292 illornn

1 1315 14 1404 ,ἰ
157 1335 272 1381 omnium
286 1335 404 1379 damnare
419 1332 555 1392 judicium,
575 1333 618 1389 qui
630 1331 673 1378 vel
686 1335 737 1378 tam
746 1331 835 1378 eximii
843 1331 965 1377 Doctoris
981 1331 1087 1377 lucubra-

13 1397 21 1462 ³.
30 1405 54 1482 ιΤἸ
82 1445 84 1448 -
157 1418 270 1464 tionibus
279 1430 333 1463 non
343 1416 522 1475 acquiescunt,
538 1415 581 1462 vel
590 1416 665 1462 etiarn
674 1415 796 1474 meliora,
811 1417 856 1461 ant
864 1419 934 1461 certe
944 1415 1017 1472 paria
1027 1427 1087 1472 prae·

1 1547 11 1562 ,,
160 1506 227 1552 stare
242 1515 270 1548 se
279 1513 355 1558 posse
366 1500 501 1546 confidunt.
538 1501 670 1548 ⁴*Ceterum
680 1513 714 1546 ne
727 1502 778 1545 tam
788 1499 868 1545 tidelis
878 1499 1027 1558 translatio,
1037 1503 1087 1544 tam

10 1569 34 1648 ξῖ
68 1599 71 1638 ,ῑ
100 1613 101 1616 =
152 1599 208 1642 oue
218 1585 245 1632 in
255 1596 344 1630 omnes
353 1587 438 1642 partes
447 1583 580 1631 Ecclesiae
591 1583 673 1644 utilis,
684 1584 726 1630 vel
735 1583 831 1642 injuria
840 1585 992 1643 temporum,
1002 1583 1044 1630 vel
1052 1583 1087 1628 im-

7 1651 40 1736 ’,ἐζι
64 1705 65 1708 ,
158 1681 305 1728 pressorum
314 1668 427 1727 incuria,
445 1668 487 1718 vel
495 1671 592 1715 temere
602 1667 789 1715 emendantium
799 1667 915 1726 audacia,
925 1667 979 1712 ulla
989 1671 1088 1725 exparte

9 1749 38 1800 3
54 1755 84 1820 ’,ι
154 1754 379 1811 corrumperetur,
399 1753 486 1798 eadem
506 1755 669 1800 sacrosancta
682 1751 800 1812 synodus
815 1751 966 1798 Tridentino
982 1751 1044 1798 illud
1055 1751 1087 1795 de

8 1829 47 1904 553¹
69 1821 70 1824 ¹
89 1839 90 1842 ’
127 1891 129 1896 ,
162 1840 232 1884 creto
247 1849 293 1884 suo
309 1836 437 1894 sapienter
451 1836 557 1897 adjecit,
577 1839 605 1884 nt
620 1837 684 1884 haee
697 1837 753 1894 ipsa
773 1839 845 1882 retus
861 1847 890 1882 ac
904 1834 1008 1894 vulgata
1027 1835 1087 1882 editio

160 1921 372 1981 emendatissime,
383 1921 466 1978 quoad
475 1921 530 1968 tisri
539 1924 636 1982 posset,
646 1921 847 1979 imprimeretur3
866 1931 949 1978 neque
957 1920 1006 1966 ulli
1015 1920 1087 1966 liceret

160 2018 214 2052 eam
233 2005 288 2051 siue
306 2005 426 2052 facultate
445 2007 471 2052 et
489 2005 673 2064 approbatione
690 2005 856 2063 Superiorem
875 2003 1010 2052 excudere.
1045 2003 1086 2055 ilua

159 2090 262 2136 decreto
276 2089 352 2135 simul
360 2089 590 2149 'typographorum
607 2089 744 2134 temeritati
764 2101 794 2134 ac
807 2087 928 2135 licentiae
941 2089 1042 2134 modurn
1052 2087 1086 2131 iu·

159 2173 257 2231 posuit,
273 2175 299 2218 et
315 2175 446 2230 pastorum
460 2173 593 2219 Ecclesiae
608 2173 635 2219 in
652 2176 723 2218 tanto
738 2173 807 2219 bono
822 2185 896 2230 quarn
910 2171 1086 2230 diligentissime

159 2255 308 2315 retinendo,
323 2257 349 2301 et
359 2256 551 2316 conservando,
561 2255 719 2314 vigilantiam
729 2260 803 2314 atque
812 2256 962 2303 industriam
972 2252 1085 2302 excitavit.

161 2341 196 2386 Et
212 2325 324 2396 quamvis
339 2337 478 2397 insignium
492 2339 674 2387 academiarum
688 2339 805 2400 theologi
824 2341 852 2386 in
871 2339 984 2387 editione
1002 2339 1086 2396 vulgata

161 2423 270 2482 pristino
280 2436 326 2469 suo
337 2422 416 2468 nitori
424 2423 581 2471 restituenda
590 2437 682 2484 magna
691 2438 747 2472 cum
755 2424 831 2471 laude
840 2425 1027 2481 laboraverint3
1044 2421 1087 2478 quia

163 2511 249 2554 tamen
259 2508 285 2552 in
295 2509 366 2553 tanta
375 2519 404 2554 re
414 2507 486 2554 nulla
494 2511 580 2566 potest
590 2521 646 2556 esse
655 2509 733 2555 nimia
743 2509 874 2567 diligentia
880 2539 888 2568 ,
904 2511 930 2554 et
939 2507 1039 2554 codices
1046 2516 1086 2550 ms·

6 2571 32 2668 ’Β
77 2655 78 2658 ¹
161 2591 286 2649 nuscripti
300 2591 443 2649 complures
459 2595 485 2638 et
499 2593 652 2640 vetustiores
667 2591 757 2640 summi
764 2593 897 2640 Pontificis
909 2593 984 2650 jussu
998 2589 1086 2646 conqui-

161 2676 217 2734 siti,
237 2677 312 2732 atque
326 2675 354 2722 in
365 2677 454 2724 urbem
466 2677 566 2724 advecti
582 2682 669 2736 erant3
693 2681 718 2724 et
728 2677 837 2736 demum,
856 2676 976 2734 quoniam
986 2673 1085 2724 executio

161 2759 317 2818 generalium
327 2758 512 2821 conciliorum,
523 2764 548 2808 et
557 2762 612 2820 ipsa
622 2763 809 2820 scripturarum
818 2761 952 2818 integritas
966 2773 997 2806 ac
1006 2758 1084 2818 puritas

110 2885 111 2888 ,
162 2843 194 2888 ad
212 2857 297 2889 curam
321 2844 477 2902 apostolicae
501 2845 570 2892 sedis
592 2847 750 2904 potissimum
775 2846 905 2904 pertinere
924 2844 1084 2903 cognoscibili

0 2925 18 2983 εἶ’
29 2925 49 2992 ,3⁶
77 2965 78 2970 ,
161 2926 218 2972 ideo
229 2926 288 2972 Pius
296 2928 345 2974 lv.
353 2925 477 2976 Pontifex
488 2943 556 2978 max.
566 2941 613 2988 pro
628 2941 675 2976 sua
687 2931 715 2976 in
724 2943 812 2977 omnes
825 2929 957 2978 Ecclesiae
967 2926 1084 2988 partesin·

2 3072 4 3075 ·
14 3011 58 3062 ,1
96 3079 102 3090 „
162 3009 277 3056 credibili
286 3010 431 3072 vigilantia,
441 3011 586 3060 lectissimis
596 3013 693 3071 aliquot
702 3018 804 3061 sanctae
813 3015 885 3060 Rom.
894 3014 1028 3060 Ecclesiae
1038 3009 1084 3058 Car-

162 3092 300 3152 dinalibus,
315 3094 423 3152 aliisque
435 3098 489 3142 tum
503 3109 632 3143 sacrarum
641 3097 786 3156 literarum,
801 3101 855 3143 tum
865 3097 994 3143 variarum
1003 3098 1084 3153 lingua·

161 3189 217 3222 rum
232 3177 390 3234 peritissimis
405 3179 481 3238 viris,
500 3193 555 3226 eam
570 3181 728 3238 provinciam
743 3181 915 3240 demandavit,
935 3185 964 3226 ut
980 3181 1084 3240 vulgatam

166 3259 224 3306 edit.
233 3261 289 3308 Lat.
302 3259 420 3308 adhibitis
435 3255 616 3320 antiquisssi‘rui
632 3265 760 3312 codicibus
774 3265 967 3324 manuscriptis,
984 3259 1084 3323 inspectit

0 3327 38 3374 ””
76 3369 81 3376 ¹·
164 3357 264 3402 quoque
273 3345 419 3404 Hebraicis,
437 3345 590 3406 Graecique
599 3348 737 3395 Biblioram
752 3349 880 3405 fantinum
900 3347 1023 3394 consultis
1033 3343 1084 3392 deni·

74 3451 78 3460 v
164 3439 212 3482 que
223 3431 335 3476 veterum
340 3429 443 3476 Petrum
453 3431 649 3490 commentariis,
656 3431 844 3478 accuratissime
855 3430 1016 3489 castigarent.
1032 3423 1084 3482 aaut
