2206 3880
284 301 320 360 In
342 301 444 361 Bittio
465 300 565 360 Socra
592 299 740 384 Vulgatcc
761 299 915 361 Editionia

174 417 257 476 Sists‘
281 419 315 486 v,
335 419 417 478 Post.
438 417 521 476 Mac.
535 420 627 493 jassa
648 422 804 499 recognita
825 425 916 496 atque
937 419 1038 478 edita.

226 531 327 583 (Romae.
339 544 370 574 ox
380 529 546 588 Typogrsphia
555 529 693 586 Apostolica
700 529 823 574 Vaticana.
834 533 897 574 159⁰.
907 529 973 584 ror.)

263 776 509 863 SIXTUS
563 777 942 866 EPISCOPUS

175 919 432 981 SERVUS
489 922 855 982 SERVORUM
909 920 1034 980 DEI.

284 1053 331 1097 sn
355 1052 591 1098 erasarum
614 1051 677 1097 ans
700 1051 911 1097 mamonrsru.

175 1190 315 1264 Aeternus
325 1215 370 1263 ille
380 1214 542 1276 coelestium,
557 1215 767 1274 terrestriumque
780 1227 867 1262 rerum
882 1215 996 1262 omnium
1011 1229 1076 1262 coa-

127 1301 207 1362 ditor,
228 1314 257 1348 ac
271 1301 418 1346 moderator
431 1300 515 1359 Deus,
533 1299 676 1346 Ecclesiam
690 1301 818 1359 ranetam,
834 1298 914 1346 veluti
925 1299 1075 1346 deliciarum

125 1385 281 1442 Paradisum,
292 1397 338 1430 sua
347 1383 454 1442 ipsemet
464 1382 578 1442 dextera,
589 1385 714 1440 tamquam
723 1383 845 1444 providus
852 1383 983 1443 Agricola,
995 1385 1074 1431 variis

126 1469 234 1528 plantis,
250 1467 420 1524 stirpibusque
431 1467 536 1513 mirilice
547 1468 677 1528 consevit,
698 1468 823 1526 simulque
836 1467 966 1514 uberrimo
988 1480 1074 1516 sacra·

124 1565 181 1598 rum
191 1550 296 1598 eandem
307 1551 488 1609 scripturarum
499 1553 583 1612 fonte,
594 1551 709 1609 pluribus
720 1551 793 1609 quasi
807 1551 906 1611 lluviis,
922 1551 950 1596 iu
964 1551 1074 1598 univer-

125 1649 180 1681 sum
191 1637 317 1681 terrarum
328 1637 414 1681 orbem
426 1635 526 1696 diffuso,
538 1633 574 1683 sic
584 1636 716 1695 irrigavit,
728 1638 756 1682 ut
766 1637 853 1681 sancta
862 1635 1001 1696 mysteria,
1013 1649 1073 1683 ors-

126 1718 232 1776 cnlaque
242 1718 342 1778 divina,
357 1733 421 1776 quae
438 1720 518 1767 sacris
533 1719 699 1767 continentur
712 1719 798 1780 libris,
813 1720 879 1766 sicut
888 1719 914 1764 in
926 1723 1074 1766 cunctarum

125 1802 239 1862 gentium
248 1801 354 1849 salutem
364 1806 531 1864 parabantur,
547 1805 582 1851 ita
596 1805 705 1852 utribus
719 1803 771 1850 illis
781 1801 940 1862 potissimum
949 1803 1072 1851 enuncia-

123 1889 213 1934 rentur
223 1886 332 1946 linguis,
349 1899 412 1945 quae
427 1889 455 1934 in
470 1890 583 1937 omnium
592 1891 695 1938 auribus
705 1887 838 1934 nationum
847 1885 956 1933 maxime
967 1899 1070 1945 percre-

124 1972 242 2031 buerunt,
252 1983 364 2018 necnon
374 1973 548 2022 sanctissimae
559 1974 648 2022 crucis
658 1973 733 2020 titulo
744 1971 918 2028 consecratae,
930 1967 1070 2016 salvatoris
1101 2023 1102 2028 ¹

123 2056 207 2102 nostri
215 2055 343 2115 Regnum,
358 2056 496 2118 Hebraeis,
511 2059 630 2117 Graecis,
645 2061 675 2105 ac
685 2057 782 2103 Latinis
793 2055 874 2101 literis
884 2053 1069 2112 praedicarunt

123 2142 218 2187 Varum
228 2139 418 2201 callidissimus,
434 2155 463 2190 ac
473 2144 642 2200 nequissimus
653 2141 757 2188 humani
767 2139 869 2198 generis
886 2137 981 2197 hostis,
1000 2137 1069 2196 cujus

123 2223 319 2270 invidiamortis
335 2224 452 2284 aculeus,
468 2225 540 2282 cujus
556 2225 675 2283 superbia
688 2224 811 2282 peccandi
825 2221 1000 2281 magisterium
1015 2222 1068 2280 fuit,
1100 2267 1101 2270 ,

123 2307 221 2354 nullum
234 2320 288 2353 non
302 2307 384 2353 movit
397 2307 520 2368 lapidem,
538 2310 568 2354 ut
582 2307 721 2356 coelestem
740 2307 821 2354 divini
836 2306 908 2353 verbi
922 2309 1067 2360 sementem,

123 2390 284 2450 quantumin
297 2391 353 2448 ipso
369 2394 437 2452 erat,
457 2393 501 2439 aut
516 2394 664 2439 nascentem
684 2392 853 2452 opprimeret,
873 2393 917 2436 aut
931 2390 1068 2449 extirparet

124 2476 237 2533 enatam,
253 2475 297 2520 aut
306 2474 416 2522 adultam
426 2475 542 2524 vitiaret:
566 2475 592 2522 id
601 2490 664 2523 vero
679 2475 817 2535 praecipue
834 2475 904 2520 omni
919 2476 1028 2531 conatu,
1044 2487 1066 2518 ac
1099 2505 1100 2508 η

122 2557 310 2606 machinatione
321 2559 437 2618 tentavit,
446 2562 476 2606 ut
482 2573 614 2607 sacrorum
625 2559 746 2618 quaedam
757 2557 964 2617 oarmptissimae
974 2557 1066 2604 Biblio-

122 2657 180 2690 rum
189 2643 315 2690 editiones
325 2643 471 2703 prodirent,
487 2646 562 2702 atque
575 2645 613 2692 ita
621 2643 737 2704 impietas
748 2643 793 2689 sub
803 2642 905 2700 pietatis
915 2643 998 2700 figura
1008 2639 1065 2687 deli·

124 2729 243 2787 tesceret,
256 2740 285 2774 ac
295 2727 397 2785 populis
407 2727 492 2774 scoria
501 2742 548 2788 pro
559 2731 676 2789 argento,
688 2728 725 2776 fel
735 2727 873 2774 draconum
882 2727 930 2784 pro
941 2725 1014 2785 vino,
1024 2736 1064 2783 pro

122 2811 479 2858 lactesaniesobtruderetur.
515 2814 627 2871 Cumque
641 2827 696 2860 non
709 2811 1011 2869 inHaereticistantum,
1028 2806 1063 2854 sod
1098 2821 1099 2880 J

122 2897 150 2942 in
160 2895 297 2940 Catholicis
308 2894 383 2940 etiam
393 2893 555 2956 quibusdam,
570 2897 672 2944 tametsi
682 2895 791 2943 consilio
803 2893 928 2954 dissimili,
939 2895 1063 2940 subortum
1098 2893 1099 2972 l

122 2979 156 3026 sit
169 2979 274 3024 nimium
289 2977 414 3034 quoddam
425 2991 474 3026 nec
488 2979 565 3036 plane
580 2977 707 3028 landabile
722 2979 845 3038 studium,
866 2981 891 3025 et
905 2977 978 3036 quasi
991 2973 1061 3023 libido
1097 3007 1098 3016 ,

122 3061 355 3120 scripturasLatine
364 3062 561 3120 interpretandi:
580 3063 647 3110 idem
656 3064 782 3111 malorum
793 3062 906 3109 omnium
915 3061 1058 3108 artifexSt·
1097 3051 1098 3092 ἶ

121 3149 194 3192 tanas
205 3157 251 3203 per
266 3145 339 3205 illos',
355 3145 417 3192 licet
425 3146 490 3194 nihil
499 3147 551 3194 tale
561 3147 717 3207 cogitantes,
732 3161 766 3194 ex
774 3147 822 3192 hac
834 3145 889 3204 ipsa
898 3147 950 3190 tam
960 3143 1059 3196 incerta,

121 3242 151 3276 ac
165 3229 298 3287 multiplici
312 3229 461 3276 versionum
479 3230 627 3278 diversitate
640 3235 666 3279 et
680 3232 804 3278 varietate
819 3231 918 3287 sumpta
932 3227 1060 3274 occasione
1096 3267 1097 3308 ,

121 3315 158 3361 sic
167 3313 276 3360 miscere
286 3313 380 3372 omnia,
391 3315 466 3372 atque
476 3315 503 3362 in
514 3315 615 3362 dubium
624 3329 758 3375 revocare,
770 3317 804 3374 et,
815 3314 837 3360 si
847 3313 903 3360 deri
912 3314 1009 3370 posset,
1015 3320 1059 3356 ren
1096 3313 1097 3394 ξ

122 3409 153 3444 eo
163 3398 303 3456 perducere
313 3398 453 3459 contendit,
466 3400 495 3444 ut
510 3398 568 3444 dum
583 3399 771 3458 Scripturarum
785 3396 869 3444 verbis
880 3395 976 3442 diversi
986 3394 1059 3440 inter·

120 3485 206 3540 pretas
216 3482 290 3529 aliam
301 3484 375 3541 atque
385 3483 461 3530 aliam
470 3484 591 3542 formam,
606 3496 636 3530 ac
652 3483 762 3552 speciem
778 3482 902 3560 hrdnnnt,
920 3480 987 3528 nihil
1000 3476 1058 3526 iniis
