2206 3880
143 163 165 206 Χ
349 157 864 205 cnmnnNTATIo-Isnnoatcn.

142 291 320 346 Amiatinnm
332 283 490 366 Religionis
503 285 699 345 Benedictinis
717 291 841 363 primum
853 287 1042 363 habitatum,
1062 294 1094 348 in

143 375 233 450 deque
248 374 339 429 doctis
353 371 516 427 hominibus
530 389 588 428 non
603 371 784 448 infrequens,
808 373 874 428 dein
890 389 960 429 vero
976 371 1093 432 Cister

144 457 295 512 ciensibus.
339 455 401 520 Quo
423 463 551 528 tempore
574 455 719 510 conditum
731 455 833 525 fuerit,
855 456 1041 512 intenebris
1059 477 1086 511 r·

143 549 238 596 motae
257 539 437 613 antiquitatis
457 545 535 592 certo
555 540 645 592 asseri
658 540 766 612 nequit.
809 537 898 593 Fama
911 547 970 610 est,
991 540 1086 596 medi
1091 570 1094 587 ι

144 623 257 678 saeculo
281 629 383 676 octavo
407 637 434 675 a.
459 617 643 676 DCCXLIII.
669 621 720 676 snb
748 617 880 685 Aristide,
902 619 1070 678 Clusinor
1084 650 1093 673 ι,

144 707 292 778 episcopo,
307 701 439 770 Racbin,
452 699 563 778 Regem
576 699 843 780 Langobardorum,
860 701 1048 760 Perusinum
1064 709 1088 760 c'

143 789 264 842 vitutem
285 785 432 841 obsidione
455 788 598 857 cinxisse,
625 787 769 861 animique
794 787 909 842 levandi
931 805 1027 844 causa
1051 809 1087 863 pe

145 869 304 924 Amiotinos
315 875 426 923 montes
434 869 586 944 aliquando
599 871 752 944 spatiatum
762 887 832 925 esse.
860 867 936 924 Tum
946 889 985 926 ex
993 872 1097 927 abiet

145 968 265 1024 procera
282 950 400 1006 hnmani
422 955 536 1027 generis
556 949 740 1010 Servatorem
757 952 826 1008 duas
853 954 929 1007 inter
951 955 1094 1010 ardentes

146 1033 224 1089 faces
237 1051 288 1107 per
301 1041 417 1088 noctem
429 1053 491 1090 sese
503 1036 548 1090 illi
560 1035 705 1090 obtulisse.
747 1035 811 1101 Quo
824 1037 903 1106 viso,
917 1035 1034 1091 ibidem
1053 1058 1095 1092 ce-

145 1117 223 1172 lebre
232 1113 414 1172 Antiatium
429 1118 592 1174 caenobium
604 1121 635 1172 in
648 1116 786 1172 honorem
797 1115 827 1174 S.
837 1115 1010 1174 Salvatoris
1027 1139 1093 1176 eum

146 1201 352 1270 construxisse,
380 1201 619 1275 amplissimisque
636 1200 759 1255 fortunis
774 1201 887 1256 ditasse.
930 1198 1033 1258 Locus
1051 1215 1092 1258 est

143 1285 175 1338 in
192 1282 315 1338 confinio
329 1280 465 1338 Etruriae
487 1291 516 1336 et
539 1287 600 1356 ejus
614 1281 738 1339 Romani
762 1282 906 1356 pontificis
929 1286 1012 1360 agri,
1046 1289 1092 1361 qni

136 1368 353 1444 patrimonium
372 1362 457 1420 Petri
474 1367 611 1439 appellari
633 1367 723 1436 solet,
750 1384 837 1440 prope
857 1367 958 1422 urbem
977 1364 1089 1423 Senam

144 1440 267 1526 (Sicca)
281 1455 310 1502 et
323 1446 516 1520 fidelitasque]
530 1449 561 1502 in
575 1467 644 1525 agro
658 1451 816 1524 antiquitus
832 1447 963 1504 Senensi.
1001 1447 1090 1506 Mons

143 1527 321 1595 Antiatium,
334 1531 383 1606 qui
396 1527 482 1585 hodie
494 1527 594 1586 Monte
609 1530 682 1590 delle
688 1529 769 1602 flore
782 1533 954 1606 appellatur,
967 1540 1034 1587 tam
1052 1535 1088 1588 al-

142 1618 189 1667 tus
204 1611 383 1684 extenditur,
396 1621 429 1666 ut
441 1614 473 1667 in
485 1614 636 1686 proverbio
652 1616 705 1684 sit,
720 1633 785 1686 eos,
799 1616 849 1690 qui
863 1633 928 1670 enm
940 1615 1088 1684 incolunt,

142 1696 175 1750 in
187 1695 355 1750 mortalibus
369 1697 497 1770 equitare
510 1696 612 1752 videri.
655 1695 714 1752 Sed
734 1699 831 1752 missis
849 1698 880 1751 in
900 1697 956 1753 hoc
976 1716 1088 1774 genere

141 1777 247 1834 fabulis
266 1773 314 1857 ¹),
335 1776 391 1833 hoc
403 1777 588 1834 manifestum
600 1788 655 1851 ert,
669 1781 813 1856 originem
823 1781 882 1836 loci
896 1778 963 1836 Jesu
976 1783 1087 1836 sacrati

141 1862 264 1916 vetustis
281 1862 456 1935 temporibus
470 1880 532 1917 esse
544 1861 762 1934 vindicandam,
781 1872 810 1918 et
827 1871 929 1919 octavo
943 1873 1012 1936 post
1027 1875 1085 1918 nat.

143 1941 210 2000 Chr.
225 1945 338 2000 saeculo
352 1947 445 2018 prima
458 1947 584 2022 vestigia
598 1948 739 2002 exstructi
752 1944 939 2021 florentisque
951 1948 1084 2002 coenobi

142 2025 324 2100 deprehendi.
349 2025 539 2103 Imperatores
554 2037 660 2101 autem,
673 2025 769 2106 Reges
783 2027 1026 2103 atquePrincipes
1041 2049 1085 2086 so-

142 2110 239 2164 lebant
251 2129 310 2166 non
323 2119 437 2167 tantum
449 2112 547 2182 bonis,
571 2111 817 2188 exemptionibus,
840 2113 1005 2187 privilegiis
1026 2131 1084 2168 am·

140 2192 278 2266 piissimis
295 2195 469 2248 monasteria
489 2211 613 2269 angere,
634 2195 789 2252 sedetiam
809 2193 953 2250 codicibus
968 2195 1085 2251 biblicis

142 2282 172 2330 et
185 2275 358 2348 scriptorum
375 2277 646 2332 ceclesiasticorum.
688 2273 785 2351 Hujus
798 2280 888 2334 moris
901 2277 978 2334 haud
991 2297 1084 2352 pauca

142 2359 274 2430 exempla
293 2358 325 2412 in
345 2358 490 2414 coenobiis
505 2367 534 2414 et
548 2361 678 2415 ecclesiis
693 2359 902 2417 cathedralibus
916 2359 1021 2416 ltaliae
1035 2360 1083 2416 ho-

140 2441 204 2511 bes,
217 2447 250 2495 nt
263 2437 440 2512 inRomana,
453 2450 486 2496 ut
500 2443 531 2496 in
537 2441 707 2515 Veronensi,
719 2451 753 2499 ut
765 2446 797 2500 in
811 2443 984 2499 Viterbensi.
1009 2443 1083 2499 Mul-

141 2525 180 2578 tis
199 2525 323 2579 nummis
342 2541 375 2578 ea
393 2532 502 2595 aetate,
530 2543 602 2600 quae
623 2543 681 2582 non
701 2534 764 2582 erat
784 2527 867 2582 ferax
886 2528 1040 2582 literarum
1060 2535 1083 2580 et

141 2609 245 2682 ignara
257 2608 328 2663 artis
341 2605 557 2684 typographiae,
572 2607 643 2664 haec
655 2627 774 2665 munera
783 2610 1006 2666 redimebantur.
1032 2607 1082 2664 His

141 2690 248 2746 talibus
269 2689 417 2746 beneficiis
441 2689 646 2747 monachorum
663 2692 873 2748 Amiatinorurn
894 2691 989 2749 studia
1007 2695 1098 2766 juvit}

140 2775 273 2847 inprimis
288 2769 469 2830 Tbeobaldus
484 2775 643 2849 episcopus,
659 2777 708 2851 qui
723 2773 871 2846 Glutinant
882 2776 933 2830 diu
945 2777 1027 2830 rexit
1040 2794 1082 2830 ec-
1097 2769 1098 2778 ’

143 2857 275 2928 alesiam,
296 2856 472 2929 temporibus
488 2855 630 2914 Ludoaici
650 2857 697 2914 Pii
711 2867 740 2914 et
752 2857 893 2914 Letharii
905 2857 975 2928 filii,
995 2875 1098 2931 penes.

142 2957 213 3014 qnos
226 2939 348 2994 multum
361 2941 534 2995 auctoritate
548 2941 679 3012 valebat,
693 2942 727 2997 de
739 2942 908 2997 monasterii
919 2939 1037 3014 juribus
1051 2959 1080 2994 ac

141 3021 318 3092 latifundiis,
340 3023 366 3076 si
383 3024 549 3097 quisalius,
570 3025 720 3080 sollicitus.
762 3022 863 3080 Plures
879 3025 955 3079 enim
970 3023 1081 3078 codices

142 3104 344 3160 exscribendos
357 3103 414 3160 hoe
426 3103 484 3160 fine
499 3108 628 3178 curavit,
643 3115 673 3161 et
685 3125 702 3162 a
715 3105 839 3164 Rabona
851 3103 973 3170 Mauro,
987 3106 1080 3162 archi·
1097 3121 1098 3136 ³

142 3187 274 3262 episcopo
289 3185 476 3264 Moguntino,
495 3189 526 3243 in
543 3191 608 3245 cula
623 3187 762 3246 Caesarea
774 3198 924 3260 versante,
945 3189 1080 3244 familiari
1097 3195 1098 3216 ¹

812 3291 813 3294 ’
1097 3289 1098 3322 l

208 3371 235 3430 1)
260 3371 328 3424 Quas
349 3383 404 3415 esse
418 3371 529 3430 fabulas,
549 3385 563 3417 e
582 3372 758 3430 diplomatibus
778 3371 946 3432 supposititiis
965 3357 1098 3419 tabularii*

141 3439 261 3486 Amietini
271 3437 454 3486 demonstravit
462 3439 584 3485 Bssnrsr
593 3440 610 3486 l.
621 3455 642 3488 e.
653 3455 677 3498 p.
688 3443 745 3486 702.
