2206 3880
149 207 494 282 DESCRIPTIO
530 208 597 279 ΕΤ
632 210 901 287 HISTORIA

218 397 519 446 Pnfflsrnnrlssrnss
538 397 583 444 ET
607 399 835 452 ANTIQUlSSlMi

25 549 293 639 coniers
316 513 535 636 ninnrcr
561 551 708 638 omn
731 555 1000 640 ΑΜιΑἰιιιι

102 727 353 774 nrunlornncnr.
370 727 622 780 clsrnnclnNSIS.
641 729 730 777 NUNC
745 731 943 778 succursum

185 817 421 862 ulnhlo'rnscnn
437 818 690 866 LAUREN'HANAE
707 821 869 867 mumulini*

221 943 299 988 CUM
316 943 622 996 Disnulsirronli
640 945 839 994 GENERALI

304 1079 518 1126 Hlsrossicn
534 1080 584 1128 ΕΤ
604 1083 761 1130 GBlTlGA

111 1217 186 1288 DE
215 1214 459 1290 VERSIONE
485 1215 667 1291 LATINA
696 1215 944 1294 VULGATA.

250 1517 275 1582 1.
309 1521 433 1584 Causae
450 1529 643 1585 errationes
662 1527 815 1584 instituti.

120 1638 214 1724 Solet
227 1670 344 1726 evenire
357 1673 387 1726 in
400 1670 533 1728 humanis
551 1669 651 1742 rebus,
670 1679 703 1728 ut
722 1688 794 1746 quse
815 1673 921 1728 eximis
939 1679 1006 1728 sunt

44 1763 81 1809 et
98 1752 187 1810 laude
201 1752 385 1829 dignissime,
403 1753 548 1810 interdum
562 1753 687 1824 diutius,
709 1771 792 1828 quam
807 1754 850 1810 les
865 1764 918 1825 est,
933 1755 1005 1810 ohli-

44 1838 147 1893 vione
162 1835 347 1907 delitescant,
368 1854 522 1912 eorumque
541 1836 633 1908 sesne,
650 1837 764 1894 etiamsi
778 1837 877 1912 paucis
892 1837 1006 1912 praedi-

48 1928 125 1976 cato
139 1920 190 1989 sit,
204 1917 327 1990 tardius,
341 1937 426 1994 quem
440 1919 550 1990 credas,
564 1919 600 1975 ad
613 1920 718 1976 multos
731 1921 888 1992 perveniet.
931 1917 964 1978 ld
978 1930 1007 1974 et

46 2001 225 2066 hominihus
239 2003 399 2078 contingit,
419 2011 448 2058 et
461 2003 555 2058 rebus.
599 2000 640 2056 Ae
657 2020 753 2058 rerum
769 2001 883 2076 quidem
896 2003 1008 2058 illustre
1029 2073 1031 2078 Ι

50 2086 224 2158 exemplum
237 2093 282 2140 est
294 2084 368 2140 liber
375 2101 462 2140 manu
470 2085 593 2159 scriptus
606 2085 836 2156 vetustissimus,
856 2088 939 2159 cujus
958 2104 1007 2141 cu-

52 2169 198 2225 ctoritate
216 2176 244 2224 et
266 2166 410 2242 praesidio
429 2185 534 2224 novom
552 2163 712 2239 Bibliorum
734 2168 842 2223 letinae
860 2165 1008 2224 Versionis

52 2250 205 2326 Vulgotee
223 2250 394 2322 editionem,
414 2268 492 2308 nnnc
512 2249 626 2326 quidem
640 2247 676 2306 N.
692 2247 745 2320 T.,
763 2252 795 2306 in
808 2251 902 2307 lucem
915 2252 1009 2326 puhli-

56 2351 127 2390 cam
146 2334 276 2390 emittere
295 2333 483 2390 decrevimus.
526 2331 643 2388 Etenim
663 2337 793 2410 quemvis
808 2331 861 2391 Vir
876 2331 1008 2393 Clarissi-

56 2435 138 2484 mus,
150 2433 233 2472 rarae
247 2424 276 2472 et
289 2415 351 2472 fere
365 2416 515 2474 inauditae
530 2416 699 2474 eruditionis
712 2417 873 2492 judiciique
887 2418 1009 2485 subacti,

55 2499 206 2555 Ausonius
219 2497 325 2556 Musis
342 2497 494 2572 Bennrm,
512 2495 709 2556 Bibliothecae
726 2508 788 2558 toto
801 2499 870 2556 orbe
884 2501 1009 2556 celeber-

58 2584 154 2638 rimus
171 2579 383 2640 Laurentianus
400 2579 563 2654 Medicece,
586 2601 658 2658 quae
675 2580 832 2640 Florentiis
851 2593 910 2655 est,
927 2602 1009 2660 prse-

58 2665 158 2722 fectus
171 2664 314 2742 quondem
327 2665 515 2742 dignissimus
529 2675 558 2722 et
571 2667 783 2737 meritissimus,
794 2668 938 2740 copiosum
952 2665 1009 2722 dis-

60 2749 252 2806 sertationem
266 2749 300 2805 de
315 2749 412 2806 indole
430 2759 460 2806 et
472 2750 582 2805 nmhitu
594 2749 715 2822 pretiosi
727 2748 857 2806 thesauri
872 2748 1011 2806 Amistini

58 2841 131 2888 ante
148 2833 255 2888 multos
274 2851 365 2889 annos
383 2832 492 2908 publici
503 2834 583 2907 ‘juris
601 2832 705 2888 lecerit
722 2828 770 2910 ¹),
800 2841 829 2886 et
847 2831 961 2907 quidem
980 2835 1010 2888 in

131 3013 159 3074 1)
177 3016 208 3060 ln
223 3014 290 3062 lihro
305 3016 452 3074 praeclaro:
470 3015 635 3064 Bibliotheca
649 3016 810 3075 Leopoldr'na
826 3016 1009 3066 aaronem

59 3096 108 3130 seu
126 3082 269 3143 catalogus
284 3081 539 3144 Munesers’ptorum,
557 3087 602 3144 qus·
614 3083 691 3144 jussu
705 3083 781 3130 Petri
792 3083 919 3146 Leopolds'
932 3087 1007 3132 Arch.

59 3151 149 3196 Austr.
164 3150 253 3208 Magni
266 3150 352 3196 Etrus.
368 3151 447 3198 Ducis
462 3166 530 3198 nunc
545 3151 725 3211 Angustissimi
736 3153 901 3210 Imperatoris
921 3157 967 3200 etc.
982 3153 1009 3198 in

59 3217 260 3262 maurentionem
276 3219 393 3265 transisti
407 3221 467 3265 sunt
476 3224 524 3266 etc.
559 3221 689 3265 Ancsnus
704 3221 802 3266 Msrsrs
815 3220 971 3267 Bssnrrsos
984 3221 1009 3266 S.

61 3285 90 3328 G.
101 3285 138 3329 M.
150 3283 245 3342 Regius
255 3284 428 3333 Bibliothecae
438 3287 586 3333 Praefectus
600 3287 743 3345 recensuit,
759 3286 909 3344 illustravit,
924 3286 1009 3333 edidit.

62 3352 139 3397 Torn.
150 3353 171 3398 1.
181 3351 329 3398 Florentiae
339 3354 529 3413 typisCuessris
539 3355 697 3400 Muccxcr.
707 3354 752 3400 iol.
762 3354 806 3401 ubi
815 3368 839 3411 p.
850 3355 898 3400 701
909 3377 943 3390 —
952 3355 1009 3400 732.

61 3417 174 3476 legitor:
197 3419 266 3464 Asc.
283 3420 358 3466 Min.
378 3421 501 3467 Bssnrsr
515 3423 545 3467 de
560 3421 655 3481 insigni
665 3423 755 3469 cods'ce
773 3421 865 3468 ds'bls'eo
880 3419 1009 3470 Ams'cts'nc

63 3485 221 3542 dissertatio,
233 3498 297 3542 quse
309 3487 399 3545 viginti
410 3487 492 3545 cupito
504 3488 686 3546 complectitur.
