2206 3880
241 99 517 148 camararium
545 103 753 150 lsasoalca.
918 107 965 151 XV

14 235 183 292 motabiles.
227 231 321 287 Abbas
334 229 503 288 Servandus
516 251 569 306 pro
584 253 635 304 eo,
656 253 740 311 quem
753 245 831 292 aetas
845 237 966 308 serebat,

14 317 103 394 gradu
116 316 238 391 judicio
251 313 397 384 subactus,
411 316 517 371 artium
529 317 690 374 liberalium
703 320 880 394 aliquantum
894 337 966 396 gna-

15 421 70 471 rus,
84 419 145 455 nec
162 399 274 454 inscius
286 398 403 472 linguae
417 415 538 473 graecae
552 399 619 472 fuit,
633 401 663 456 id
676 401 751 477 qnod
765 421 781 457 a
796 402 903 458 codicis
916 421 964 458 ac-

15 485 165 539 curatiore
181 481 314 537 examine
325 481 523 554 perspicietur.
546 479 587 536 Ut
597 501 654 539 nno
669 487 799 559 exemplo
814 483 964 562 defungar,

14 575 74 640 post
94 567 295 640 epigramma,
322 561 357 616 de
378 581 434 636 quo
452 563 592 635 diximus,
618 585 645 640 p.
665 567 693 622 3.
713 577 758 623 est
775 567 915 642 praefatio
934 570 965 622 in

15 648 112 704 charta
127 665 277 722 purpurea
290 645 457 719 majoribus,
469 647 519 702 sed
527 651 763 706 evanescentibus
776 651 965 706 diuturnitate

14 741 181 806 temporum
195 731 289 786 literis
301 729 449 804 eleganter
461 732 586 804 scripta,
612 750 668 808 qua
689 733 726 788 ad
744 735 898 790 lectionem
919 751 964 788 sa-

16 831 130 870 crorum
145 813 290 868 librorum
303 809 412 866 Christi
427 810 528 866 fideles
542 813 712 869 invitantur.
730 843 765 854 -

70 898 123 954 Ex
144 895 211 966 his,
228 912 301 972 quae
321 894 542 968 disputavimus,
566 899 800 974 argumentisque
818 898 964 954 historicis

17 999 47 1034 ac
61 979 262 1053 diplomaticis
277 979 410 1032 evincere
423 981 610 1052 tentavimus,
625 981 761 1038 credibile
776 981 964 1052 est,Sereorr-

17 1062 80 1118 dum
101 1079 222 1132 senem,
249 1059 346 1116 audita
362 1057 504 1138 Gregorii
520 1062 665 1135 pontificis
684 1066 839 1134 electione,
864 1067 964 1140 quiin

19 1145 207 1218 apostolicam
221 1143 316 1199 sedem
328 1142 458 1198 ascendit
477 1163 502 1199 a.
518 1143 589 1216 590,
604 1154 633 1200 et
645 1145 681 1203 ad
692 1147 768 1203 diem
780 1145 849 1201 Xll.
864 1143 963 1202 Martii

19 1245 41 1281 a
55 1228 117 1282 604
131 1245 247 1283 summa
261 1245 326 1281 curu
337 1225 421 1280 laude
435 1229 574 1283 ecclesiae
586 1238 729 1304 praeerat,
744 1227 821 1284 hunc
835 1230 963 1284 codicem

19 1309 155 1366 biblicum
178 1310 251 1366 dono
274 1310 302 1363 ei
319 1309 440 1364 misisse.
484 1308 611 1367 Tannum
628 1329 731 1368 munus
749 1320 829 1368 tauto
841 1314 904 1367 viro
920 1312 963 1366 di-

22 1411 106 1467 gnum
118 1393 188 1448 snit.
230 1389 314 1446 Unde
325 1390 360 1447 ab
380 1410 405 1446 a.
424 1392 485 1450 scre
506 1394 586 1450 1036
607 1397 784 1452 existimatio
803 1398 834 1450 iu
853 1403 963 1450 mentes

21 1473 171 1532 hominum
190 1477 323 1550 irrepsit,
349 1474 455 1531 librum
472 1479 589 1551 propria
611 1477 754 1556 Gregorii
770 1496 856 1535 manu
874 1479 964 1534 fuisse

24 1567 180 1614 exaratum.
197 1588 233 1598 —

80 1639 227 1696 Narrante
246 1641 322 1695 eaba
341 1637 502 1696 Uenatus
523 1645 555 1697 in
576 1641 648 1699 Ital.
665 1659 755 1699 sucro
776 1641 823 1697 lll.
842 1659 868 1716 p.
883 1641 964 1712 623,

26 1725 113 1796 quiin
125 1725 303 1780 monasterio
317 1720 462 1779 Amiatino
478 1723 611 1802 degerat,
624 1735 658 1781 ut
671 1727 711 1781 ibi
726 1725 839 1782 chartas
854 1727 963 1780 exscri-

26 1805 114 1878 beret,
133 1809 167 1862 in
186 1805 308 1882 quadam
325 1807 482 1879 scriptura,
502 1809 621 1865 iuventa
635 1817 678 1864 est
690 1811 800 1864 notatio
813 1809 963 1882 temporis,

26 1906 75 1961 quo
96 1898 297 1946 consecratum
317 1897 360 1944 est
377 1890 513 1963 templum
537 1892 588 1948 sub
610 1889 781 1948 Wiuisuoue
804 1890 912 1946 Abbate
935 1901 965 1946 et

27 1967 146 2031 Arialdo
162 1970 278 2028 Clusino
297 1969 457 2046 Episcopo,
478 1971 638 2030 Benedicta
657 1973 794 2048 pontifice
811 1971 964 2029 mandante

28 2070 125 2129 niagno
137 2056 308 2130 populorum
321 2053 483 2130 frequentia
497 2073 522 2110 a.
541 2057 629 2112 1036.
674 2055 736 2121 Qua
751 2057 964 2130 opportunitate

30 2139 228 2208 caerimoniae,
246 2138 385 2212 reliquiae
405 2135 579 2194 Sanctorum
596 2141 628 2194 in
642 2140 716 2210 aris,
736 2139 772 2194 ad
784 2157 853 2214 quas
868 2157 964 2194 sacer-

30 2216 101 2274 dotes
120 2223 207 2276 litare
225 2220 369 2290 solebant,
387 2218 546 2277 honorifice
557 2221 672 2278 fuerant
685 2223 826 2278 conditae.
869 2219 964 2296 Hujus

32 2297 137 2358 chartae
152 2303 260 2359 iudicio
274 2303 405 2378 aequales
413 2301 568 2360 Uesuuium
577 2307 792 2362 subterraneam
801 2306 963 2375 ecclesiam,

32 2399 95 2455 quae
109 2383 223 2464 crypta
234 2394 366 2456 vocatur,
379 2387 607 2461 inquisiverunt,
621 2390 816 2464 submotisque
830 2391 965 2444 altarium

32 2469 200 2538 quorundam
216 2467 368 2542 lapidibus,
381 2470 517 2544 reliquias
530 2473 634 2528 multas
647 2470 740 2528 thecis
752 2473 857 2548 ligneis
871 2473 965 2526 inclu-

34 2565 72 2602 sas
87 2552 270 2622 invenerunt,
283 2551 449 2627 obsignatas
464 2573 530 2609 cera
545 2573 656 2626 crocea,
670 2557 701 2610 in
715 2571 770 2631 qua
784 2555 965 2628 spectabatur

33 2629 133 2707 effigies
149 2632 331 2691 Wim'zzone's
350 2635 469 2691 abbatis.
511 2635 569 2693 Eas
589 2657 654 2694 cum
672 2639 737 2694 aliis
759 2637 889 2712 reliquiis
911 2634 964 2690 ho-

34 2715 232 2773 norificentiori
257 2719 323 2773 loco
350 2719 484 2775 locandas
513 2723 624 2777 curarit
648 2719 789 2776 Uonucm
819 2737 843 2775 a.
874 2719 962 2773 1631.

34 2791 238 2856 Monumentum
257 2809 352 2855 autem
373 2801 414 2856 ibi
432 2811 577 2878 repertum
594 2807 635 2859 ita
655 2803 749 2858 habet.
782 2799 836 2872 „ln
848 2803 963 2857 norrrine

34 2872 148 2940 D(uliiini.
161 2882 260 2938 Amen.
285 2881 366 2939 Anno
381 2881 498 2941 Domini
512 2888 664 2942 millesimo
678 2882 824 2941 XXXVI.
841 2881 899 2939 lud.
915 2881 962 2938 iv.

35 2967 149 3037 tempore
167 2966 326 3022 beatissimi
342 2965 437 3041 Papae
449 2967 607 3028 Benedicti
621 2969 655 3024 de
669 2965 811 3039 Tuscula,
830 2985 867 3022 ex
880 2977 964 3043 patre

34 3038 165 3114 alberico,
178 3057 208 3104 et
221 3051 407 3106 invictissimi
419 3049 603 3126 imperatoris
618 3051 764 3117 Gourodi,
778 3061 807 3106 et
824 3047 965 3106 Guirizrr‘

38 3121 152 3202 Abbatis,
168 3141 365 3188 consecratum
379 3143 422 3189 est
435 3137 572 3208 templum
585 3134 640 3191 hoc
653 3135 688 3190 ad
700 3134 838 3191 honorem
849 3129 886 3188 D.
897 3132 963 3190 Sal-

37 3215 150 3279 outaria,
176 3223 204 3270 et
217 3211 323 3271 Beatae
334 3212 453 3274 Mariae
471 3237 583 3292 semper
601 3220 740 3295 virginis,
764 3226 793 3272 et
809 3217 964 3272 multorum

39 3283 209 3368 Sanctorum,
223 3317 344 3373 quorum
354 3301 471 3356 nomina
484 3310 552 3358 sunt
564 3321 615 3376 per
628 3303 743 3378 singula
756 3301 874 3368 altaria,
891 3316 964 3374 quae

41 3379 211 3436 continentur
228 3381 260 3436 in
277 3377 332 3439 hoc
352 3385 474 3458 scripto,
493 3383 530 3441 ad
549 3387 632 3460 cujus
644 3383 888 3441 consecrationem
901 3381 965 3437 fue-
