2206 3880
223 106 497 154 conlaturam
525 107 737 152 lsasctucs.
912 110 950 156 x1

8 259 66 310 ruo,
94 248 131 296 ut
150 237 229 294 idem
250 235 360 292 laceret
377 236 597 312 faciendumque
622 246 750 310 curaret,
775 241 948 314 impetrarit.

8 317 161 380 Praeterea
176 321 341 376 donationis
355 317 485 376 scurolo
492 316 532 374 M.
546 322 578 374 in
592 321 773 377 commodum
781 327 951 380 monasterii

8 407 93 462 factae
110 404 366 460 confirmationem
379 403 561 476 impetravit,
578 421 671 478 neque
684 406 735 479 qni
745 414 810 478 post
823 403 949 464 Lndovi-

8 509 65 546 cum
78 487 315 562 Lotbarinmque
331 487 465 562 regnavit
477 482 647 564 Arnulpbus
666 504 721 542 rex
737 489 832 546 minus
844 490 949 545 libera-

8 575 35 628 lis
48 573 116 628 brit.
164 567 333 628 Patrocinio
347 588 398 624 suo
415 570 560 626 cumulum
572 568 681 624 addidit
697 567 889 638 lbecbuldua
901 576 949 646 ju-

8 655 68 712 bens
82 673 196 730 corpus
210 655 338 709 suumin
350 651 465 708 abbatia
477 650 623 709 Amiatina
635 654 788 725 tumulari,
809 659 892 730 cujus
906 655 950 710 ol-

8 739 59 796 lcii
72 739 227 814 religione
240 735 369 792 defuncti
385 743 454 790 sunt
470 733 623 806 monachi,
645 735 696 790 sub
715 737 800 792 altari
813 736 845 794 S.
858 735 951 794 Beue·

8 821 81 892 dicti,
92 819 181 878 hand
193 822 280 895 longe
292 836 310 874 a
323 820 458 876 sacrario.
480 816 520 872 Et
533 817 609 874 sama
617 817 732 894 quidem
743 821 884 892 coenobii,
892 839 951 876 non

8 913 114 960 unnim
121 923 180 979 per
185 901 344 973 Etruriam,
350 901 455 976 sedper
463 903 627 958 universam
632 899 745 958 ltaliam
753 904 811 959 late
825 903 890 962 frisa
899 913 950 960 est.

62 987 132 1042 Jam
146 987 187 1042 ad
199 995 329 1043 aetatem
345 986 452 1041 codicis
467 983 657 1040 definiendam
674 986 812 1042 utendum
831 996 874 1044 est
890 996 953 1044 tum

8 1074 134 1127 externis
155 1069 274 1125 indiciis
294 1077 323 1122 et
344 1069 453 1145 siguis,
476 1076 538 1124 tum
559 1085 665 1143 genere
688 1071 855 1142 scripturae.
898 1068 953 1126 Est

8 1164 99 1208 autem
113 1155 149 1208 in
170 1153 330 1226 posteriore
342 1153 452 1224 primae
465 1152 589 1226 paginae
602 1158 684 1224 parte
697 1151 813 1226 aliquod
827 1171 952 1223 carmen,

8 1235 227 1292 characteribus
240 1235 359 1289 maximi
373 1234 481 1290 moduli
496 1241 656 1302 exaratum,
670 1233 746 1290 inter
761 1234 829 1289 duas
845 1236 952 1289 colum-

8 1337 71 1388 nas,
97 1319 208 1395 quibus
221 1335 304 1373 arcus
317 1319 578 1392 superimponitur,
600 1317 687 1372 rubro
701 1335 736 1372 ac
751 1317 838 1374 viridi
858 1319 954 1372 colore

8 1403 174 1458 distinctus.
220 1398 292 1455 Tale
312 1409 528 1456 monumentum
556 1408 634 1456 certo
656 1399 732 1455 soret
750 1399 874 1471 indicio,
896 1401 954 1456 nisi

8 1487 194 1560 aliquantum
207 1492 283 1539 esset
301 1492 467 1558 corruptum
480 1493 565 1560 atque
579 1483 772 1558 depravatum.
815 1482 890 1539 Nam
903 1477 954 1538 an-

8 1571 103 1644 tiquae
126 1586 219 1626 voces
238 1568 393 1623 nonnullae
412 1585 509 1623 erasae
530 1574 611 1638 sunt,
637 1568 721 1624 novis
744 1567 955 1642 superinductis

8 1653 176 1722 vocabulis,
191 1669 274 1727 quae,
288 1658 322 1705 ut
335 1652 369 1707 ab
383 1650 593 1725 antiquioribus
607 1649 822 1721 discernantur,
838 1649 956 1706 charac-

8 1745 66 1790 tere
86 1737 207 1792 cursivo
228 1733 355 1798 cudenda
374 1735 545 1790 curavimus.
588 1730 718 1789 Uncialis
740 1743 784 1789 est
804 1735 954 1808 scriptura.

8 1815 166 1894 Inscriptio
180 1819 224 1874 sic
235 1816 333 1873 babet:

177 1921 201 1994 †
223 1915 376 1974 Corchium
390 1916 426 1972 ad
440 1917 540 1972 exirnii
553 1918 655 1972 merito

262 2000 432 2057 Venerabile
447 1997 614 2055 salvatoris

222 2085 313 2150 Quem
327 2092 412 2158 capnt
425 2084 546 2137 eclesiae

261 2165 386 2222 Dedicat
399 2167 457 2220 alta
470 2163 541 2220 fides

220 2247 327 2306 Petrus
340 2247 598 2326 longobardorum

263 2331 411 2388 Extremis
426 2331 460 2386 de
473 2329 577 2387 linibus
590 2329 683 2386 Abbas

224 2413 330 2472 Devoti
344 2413 463 2470 allectus

264 2497 391 2574 Pignora
403 2499 486 2552 mitto
499 2498 557 2551 mei

225 2581 328 2656 Meque
340 2597 446 2656 meosq.
462 2589 562 2654 optans

265 2663 354 2719 Tanti
368 2665 444 2718 inter
457 2663 562 2740 gandia
574 2663 664 2736 patris

222 2746 256 2804 ln
271 2747 356 2809 caelis
370 2763 525 2802 memorem

267 2828 386 2903 Semper
398 2828 504 2884 habere
516 2830 619 2884 locum.

75 2949 110 3005 ln
132 2947 179 3003 his
198 2965 250 3002 sex
266 2935 458 3002 hemistichiis
480 2947 569 3022 elegis
588 2943 724 3019 quaedam
738 2952 845 2998 temere
858 2943 960 3000 allecta

17 3043 82 3088 sunt
97 3033 185 3088 etita
199 3030 328 3100 detorsa‚
348 3037 381 3085 ut
397 3039 489 3086 metro
503 3047 561 3085 non
574 3027 764 3102 respondeant
778 3029 960 3100 scriptorem-

18 3135 70 3190 que
89 3114 242 3190 juniorem
258 3115 422 3188 antiquiora
442 3113 530 3168 verba
550 3119 628 3166 certo
658 3111 778 3166 consilio
802 3119 961 3165 mutantem

19 3197 94 3254 haud
109 3195 268 3252 difficulter
278 3196 407 3271 prodant.
423 3226 459 3236 -
481 3193 668 3269 Perspicuum
686 3202 730 3248 est
744 3210 780 3248 ex
794 3192 889 3249 indole
901 3195 961 3266 pri-

20 3285 57 3336 mi
72 3277 207 3350 distichi,
220 3279 415 3356 imprimisque
429 3298 444 3334 e
457 3280 565 3334 verbis:

149 3378 243 3443 Quem
256 3389 342 3454 caput
355 3381 493 3436 ecclesiae
508 3377 620 3439 dedicat
633 3377 692 3432 alta
704 3374 774 3432 fides
