2206 3880
163 125 244 170 XLVI
377 123 486 169 Sle'l
510 122 647 174 QUINTI
670 123 897 182 anseberto.

160 255 232 300 tione
247 253 335 300 beatus
343 251 516 310 Hieronymus
526 249 565 310 ⁶),
580 250 608 298 iss
617 252 708 299 Latius
724 265 787 300 vero
802 256 905 300 sauctus
914 247 1095 312 Augustinusll

162 337 223 384 olim
232 337 354 383 accidisse
364 337 571 383 commemorant.
598 337 682 382 Tanta
690 339 775 384 autem
783 336 853 386 labes
862 350 896 384 ne
906 337 990 384 adbuc
998 337 1094 384 ulterius

161 423 288 480 serperet,
302 420 446 475 sensimque
455 418 483 464 in
492 418 625 478 Vulgstsru
641 419 779 472 editionem
793 422 907 468 nostram
915 424 1052 480 manaret,
1066 436 1094 467 ss·

161 505 261 563 pientes
276 504 364 551 eadem
378 502 542 550 oecumenica
556 503 674 562 synodus
685 503 837 552 Tridentino
851 503 979 564 decrerit,
1000 507 1094 552 uthere

162 589 217 646 ipsa
225 589 313 646 Vetus,
324 587 463 645 etVulgata
473 587 551 633 editio
562 586 667 644 posthae
678 599 751 644 quam
761 587 964 635 emendatissime
974 587 1093 648 imprime-

162 673 241 717 retur.
274 672 368 718 Verum
384 671 443 728 quia
457 669 521 716 nihil
535 670 675 728 profuisset
692 670 768 728 hujus
788 670 908 718 editionis
927 673 1093 720 anctoritatem

163 753 313 811 gravissimo
324 755 441 802 sanxisse
452 754 564 813 decreto,
575 754 597 800 si
607 753 676 802 illius
686 767 750 811 quae
760 767 882 813 germane
891 757 961 802 esset
969 755 1050 802 lectio
1060 771 1093 802 uc·

163 837 283 897 sciretur,
302 851 424 895 sacerque
438 841 523 884 textus
537 838 573 884 ita
586 837 766 895 disputantium
781 840 881 897 pateret
894 839 1018 899 arbitrio,
1033 844 1062 886 ut
1072 842 1092 898 is,

163 921 206 977 qui
215 921 336 970 adsersus
345 922 467 981 persuum
477 922 588 982 bostem,
605 923 731 982 nmquam
742 921 910 970 validissimus
919 935 1008 970 mucro
1021 924 1092 970 distri·

163 1007 218 1052 otus
228 1007 325 1066 luerat,
341 1006 407 1053 idem
417 1009 442 1052 et
451 1006 556 1066 clypeus
566 1006 621 1054 lieri
631 1009 730 1065 posset,
745 1020 795 1064 quo
810 1007 934 1054 debilitati
940 1007 1009 1067 jans,
1027 1009 1092 1055 caeri-

163 1102 211 1146 que
221 1090 302 1136 bustis
311 1090 393 1137 latera
401 1093 558 1149 tegerentur.
593 1087 621 1136 ld
630 1090 708 1148 igitur
717 1103 766 1137 uos
776 1091 881 1150 indigne
890 1093 1014 1151 terentes,
1026 1105 1091 1150 eoque

163 1173 305 1234 indignius,
322 1175 389 1232 quod
398 1188 444 1233 per
453 1175 531 1222 hosce
539 1173 592 1230 jam
604 1173 696 1232 viginti
705 1171 769 1218 duos
779 1185 874 1232 annos,
888 1173 933 1230 qui
942 1187 957 1220 a
966 1174 1037 1222 dicto
1048 1176 1091 1222 Tri·

163 1258 261 1305 deutini
275 1259 387 1306 Concilii
407 1259 524 1315 decreto,
548 1255 581 1302 ad
598 1257 682 1302 nostri
696 1269 776 1314 usque
788 1257 952 1304 Pontificatus
973 1261 1091 1306 exordiuu

163 1342 370 1400 interfluxerunt,
385 1341 446 1387 licet
454 1340 599 1398 hujusmodi
610 1354 673 1399 opus
682 1339 818 1398 aliquando
830 1343 947 1400 coeptum
961 1343 1052 1402 luerit,
1065 1347 1090 1390 ta·

164 1439 222 1471 men
236 1427 268 1471 ob
283 1426 345 1472 alias
361 1427 471 1471 fortusse
485 1424 666 1482 occupationes
680 1424 867 1486 intermissum,
885 1426 1034 1486 nullumque
1049 1428 1090 1474 huie

164 1508 305 1555 imminenti
319 1509 386 1556 melo
400 1509 538 1555 remedium
554 1508 691 1556 adhibitum
710 1510 807 1556 tuerat:
831 1523 860 1556 sc
879 1513 1018 1569 propterea
1035 1515 1090 1560 tantu

165 1593 319 1650 impensiore
329 1605 390 1640 oure
399 1607 428 1639 ec
438 1593 521 1640 studio
532 1593 558 1640 id
567 1591 770 1651 prosequendum
785 1598 932 1654 censentes,
948 1599 1044 1652 quantu
1052 1610 1091 1642 nu·

166 1677 219 1735 gis,
235 1681 260 1724 et
273 1681 303 1724 ab
317 1677 491 1724 omnibusDei
506 1676 621 1724 ecclesiis
637 1677 779 1737 expetitur,
794 1679 994 1738 etseynegogis
1003 1683 1090 1726 nisum

165 1762 359 1820 reformidatur3
379 1775 435 1808 cum
444 1761 551 1820 primunr
562 1761 593 1807 ad
603 1761 776 1819 apostolicam
786 1763 853 1809 besti
864 1759 937 1810 Petri
946 1764 1033 1812 sedern
1042 1765 1098 1810 diri:

165 1859 199 1892 ua
211 1859 260 1893 nus
274 1847 418 1906 miseratio,
438 1845 536 1894 meritis
550 1845 611 1892 lieet
624 1846 761 1903 imparibus
776 1846 906 1905 evocavit3
929 1847 995 1893 nibil
1007 1849 1090 1894 tandem

165 1931 292 1989 antiquius
302 1931 447 1990 habuimus,
462 1943 537 1989 quem
549 1933 579 1976 ut
587 1929 669 1988 primo
679 1941 780 1986 quoque
791 1932 913 1989 tempore,
924 1933 1089 1989 optatissimum

164 2015 238 2061 istam
256 2015 380 2075 Vulgetee
403 2015 524 2064 editionis
548 2013 752 2062 emendationem
774 2014 980 2072 aggrederemur.
1020 2019 1088 2073 ltaque

165 2099 235 2145 viros
245 2099 387 2158 complures
398 2100 497 2159 ductos,
507 2099 550 2156 qui
560 2100 702 2145 sanctarum
713 2097 908 2158 Scripturarum,
919 2113 1008 2148 sacrae
1019 2101 1087 2148 Theu-

165 2182 258 2241 logice,
270 2183 453 2240 multurumque
463 2183 607 2241 linguarum
618 2182 736 2228 scientia:
755 2195 784 2228 ac
796 2183 914 2230 diuturno
925 2171 1088 2230 variarumre-

164 2278 220 2311 rum
229 2267 412 2325 munerique,
423 2281 479 2312 cum
488 2266 583 2323 aliquid
593 2265 788 2314 discernendum
797 2270 849 2325 est,
857 2267 969 2326 judicio,
983 2281 1014 2316 sc
1023 2268 1096 2316 solers

165 2349 202 2394 tia
211 2351 379 2408 praestarent,
390 2349 574 2410 delegimus,ee
584 2350 659 2396 simul
670 2350 891 2411 congregavimus,
901 2351 965 2398 utin
977 2364 1087 2410 germem,

166 2433 315 2490 sincereque
329 2433 396 2479 sacri
407 2433 492 2482 textus
507 2433 619 2481 editione
634 2435 817 2494 perquirenda,
833 2437 936 2482 strenue
950 2435 1087 2490 laborarent,

165 2516 289 2573 nobisque
303 2517 449 2574 adjumento
463 2518 557 2564 iurent
591 2519 645 2566 Nos
660 2519 727 2566 enim
740 2519 780 2566 rei
788 2519 987 2578 magnitudinem
997 2533 1095 2579 perper-1

166 2599 267 2659 dentes,
283 2613 312 2646 ae
326 2600 433 2659 provide
448 2601 654 2663 considerantes,
669 2617 703 2650 ex
718 2605 871 2664 praecipuo,
886 2617 915 2652 ac
925 2601 1087 2664 singularibu

164 2685 314 2743 privilegiu,
330 2686 397 2731 etex
408 2697 484 2744 sera,
500 2697 529 2732 ac
538 2685 653 2744 legitima
666 2688 830 2736 successione
839 2685 1021 2746 Apostolorum
1029 2688 1086 2734 Prin·

165 2767 231 2826 cipis
243 2773 268 2817 b.
279 2765 365 2827 Petri,
381 2781 429 2826 pro
444 2782 494 2826 quo
503 2767 628 2818 Dominus
643 2785 672 2818 ec
681 2773 835 2830 Redemptor
844 2776 948 2832 noster,
958 2775 989 2821 ab
998 2775 1094 2844 aeterua

163 2852 239 2898 Patre
250 2864 298 2909 pro
308 2865 355 2900 sue
363 2853 508 2900 reverentia
517 2854 684 2912 proculdubio
695 2857 838 2917 exauditus,
848 2871 901 2904 non
911 2858 991 2904 semel
1000 2851 1094 2929 unu-,i

165 2935 208 2980 sed
218 2947 318 2992 semper
326 2937 437 2996 rogavit,
446 2940 475 2983 ut
483 2937 539 2996 ejus
549 2939 619 2999 sides,
629 2953 683 2986 non
694 2940 803 2988 humens
813 2944 931 3001 earne,et
940 2942 1056 3002 sanguiue
1064 2939 1086 2996 θ),

164 3017 210 3064 sed
224 3018 313 3064 eodem
327 3020 402 3067 Patre
416 3021 556 3080 inspirante
571 3024 596 3070 ei
608 3025 737 3085 revelate,
755 3039 891 3084 numquam
911 3025 1038 3074 debueret:
1058 3021 1086 3068 eui

165 3101 241 3150 etium
249 3102 373 3151 Dominus
383 3105 497 3164 injunxit
514 3108 542 3154 ut
559 3110 660 3160 ceteros
670 3110 808 3168 Apostolos
818 3110 846 3156 in
856 3110 944 3158 eadem
953 3110 1002 3157 tide
1010 3109 1085 3160 conir-

221 3311 246 3364 u)
266 3309 295 3352 Is
314 3311 414 3366 prestet.
432 3313 458 3356 in
475 3313 572 3358 Esdram
590 3321 614 3360 et
630 3315 772 3360 Nslsessisss.
800 3316 864 3360 Idem
878 3318 903 3360 in
916 3319 987 3373 priori
1007 3313 1092 3372 pisctus

164 3382 189 3422 in
202 3381 344 3438 hilum·
360 3384 427 3428 Tom·
446 3389 468 3428 3.
497 3387 522 3442 b)
538 3386 644 3443 Epistola
662 3392 697 3431 1⁰.
717 3389 746 3432 sd
766 3389 934 3442 Hieronymum.
955 3389 1018 3434 Tun.
1031 3389 1047 3429 l.
1072 3385 1085 3433 u

165 3453 236 3496 llebr.
251 3459 271 3497 ⁵.

1087 3719 1090 3846 l
