2206 3880
229 531 743 620 DECRETUM

455 714 512 762 ax

6 849 390 926 CONCILIO
453 850 959 925 ΤΒΙΒΕΝΤΙΝΟ.

321 1015 556 1075 (sessrona
590 1018 650 1077 ιν.)

111 1264 183 1330 DE
227 1261 500 1327 CANONICIS
545 1261 851 1329 SCRIPTURIS.

60 1435 257 1514 Sacroaancta,
268 1452 442 1512 oecumenica,
453 1455 480 1500 et
488 1453 617 1514 generalia
628 1455 780 1502 Tridentino
788 1455 922 1516 synodus,
933 1456 960 1501 in

14 1541 110 1600 Spiritu
125 1541 216 1586 caueto
231 1538 344 1597 legitime
360 1541 528 1596 congregata,
548 1539 751 1596 praesidentibus
769 1540 796 1586 in
817 1554 848 1586 ea
866 1540 961 1586 eisdem

14 1627 92 1672 tribua
106 1622 275 1682 Apostolicae
290 1623 362 1669 Sedit
377 1621 494 1681 Legatia,
514 1621 563 1668 hoc
583 1622 632 1668 eibi
651 1629 777 1682 perpetuo
793 1628 852 1671 ante
872 1625 961 1670 oculos

15 1721 164 1768 proponent
170 1739 178 1766 ‚
192 1709 221 1753 ut
235 1705 340 1754 rublatia
350 1706 480 1753 erroribua
490 1707 587 1764 puritas
596 1707 652 1765 ipra
660 1707 797 1766 Evangelii
807 1709 833 1754 in
844 1708 962 1755 Ecclesia

15 1795 198 1849 coacervatum
221 1790 288 1848 quod
307 1789 459 1848 promiscum
477 1793 537 1837 aute
556 1805 602 1849 per
619 1792 760 1848 Propheta·
776 1793 802 1838 in
824 1793 962 1850 Scripturia

16 1877 119 1936 caneda,
129 1875 255 1921 Dominua
264 1876 354 1920 noater
363 1874 438 1919 Jeaua
450 1874 574 1934 cari-tus,
583 1875 632 1920 Dei
641 1875 722 1922 Filius
734 1876 839 1934 proprio
852 1889 897 1922 ore
908 1878 962 1933 pri-

16 1975 81 2007 mum
95 1957 282 2019 promulgavit,
306 1957 397 2004 deinde
411 1971 457 2015 per
476 1971 537 2004 auos
551 1959 703 2018 Apostolos,
721 1963 847 2015 tamquam
865 1961 962 2006 fontem

18 2044 112 2102 omnia,
130 2045 156 2090 et
164 2042 283 2090 calutaria
294 2042 420 2100 veritatia,
437 2045 462 2088 et
476 2055 574 2087 morum
585 2041 733 2100 disciplinae
744 2045 875 2088 creaturae
885 2057 961 2101 proe-

19 2129 97 2175 dieari
104 2128 192 2186 iurati,
207 2125 414 2184 perspicienaque
424 2125 490 2172 hanc
501 2125 646 2186 veritatem,
663 2130 689 2172 et
703 2126 862 2184 disciplinam
877 2129 963 2174 conti·

18 2211 76 2258 neri
85 2211 112 2257 in
120 2211 192 2258 libris
202 2210 316 2268 scriptia,
332 2212 358 2256 et
370 2209 430 2256 'aine
445 2210 541 2268 scripto
555 2209 734 2258 traditionibus
741 2242 749 2270 ,
769 2224 833 2268 quae
843 2215 873 2259 ab
883 2213 963 2270 ipaiua

20 2295 114 2340 ebriati
129 2308 175 2341 ore
191 2297 222 2341 ab
236 2293 368 2353 Apostolie
381 2297 513 2354 acceptae,
532 2298 576 2341 aut
589 2297 620 2341 ab
640 2295 703 2352 ipaia
721 2297 852 2354 Apostolio
868 2298 964 2356 Spiritu

21 2380 107 2424 nancto
117 2377 242 2438 dictante,
260 2379 333 2436 quari
346 2392 393 2437 per
405 2391 494 2426 manua
502 2379 626 2437 traditae,
644 2380 675 2424 ad
686 2393 736 2426 noe
744 2394 963 2440 unquepervene-

22 2463 92 2521 runt,
106 2463 311 2510 orthodoxorum
320 2463 423 2510 Patrum
440 2463 558 2520 exempla
572 2465 659 2509 secuta
668 2477 757 2510 omnen
766 2464 846 2512 libros
857 2470 907 2512 tam
918 2481 965 2514 ve-

23 2545 96 2605 terio,
110 2560 184 2604 quam
193 2547 257 2593 novi
267 2547 439 2606 Teatamenti,
457 2561 513 2593 curn
525 2547 657 2606 utriusque
667 2562 733 2595 unua
743 2549 814 2596 Deua
821 2550 856 2596 ait
865 2555 964 2610 auctor,

24 2642 121 2676 necnon
130 2631 282 2678 traditiones
292 2631 375 2690 iprae,
389 2635 442 2676 tum
452 2631 484 2676 ad
494 2631 580 2690 fidem,
597 2634 649 2678 tum
659 2632 691 2678 ad
701 2646 785 2679 morer
795 2635 963 2692 pertinenter,

23 2717 143 2770 tamquam
152 2714 195 2761 vel
205 2728 251 2762 ore
265 2717 340 2762 tenua
354 2729 370 2760 a
380 2715 495 2773 christo,
511 2713 553 2760 vel
567 2729 583 2761 a
593 2715 688 2774 Spiritu
699 2717 793 2765 Sancto
808 2718 925 2778 dictatas,
940 2722 967 2766 et

24 2796 141 2852 contiuua
148 2799 313 2846 aucceaaione
324 2799 351 2846 in
361 2799 478 2846 Eccleaia
489 2799 621 2848 catholica
629 2802 806 2860 conseruataa,
816 2803 872 2860 pari
882 2803 964 2860 pieta-

24 2881 56 2925 tia
66 2881 151 2930 allecto
156 2914 164 2943 ,
185 2897 215 2930 ac
229 2885 377 2931 reverentia
389 2883 508 2944 concipit,
529 2889 555 2930 et
567 2886 717 2930 veneratur.
742 2885 887 2934 „Sacrorum
900 2901 964 2936 raro

24 2963 139 3014 librorum
149 2967 262 3016 indicem
271 2968 330 3016 lruic
340 2969 443 3016 decreto
454 2967 769 3028 adscribendumcenauit,
787 2984 822 3018 ue
836 2972 876 3018 cui
892 2973 964 3022 dubi-

24 3047 83 3095 tatio
92 3052 202 3100 auboriri
211 3051 307 3112 poaait,
322 3053 423 3110 quinam
433 3052 552 3112 aint,.qui
558 3054 592 3099 ab
597 3051 658 3110 ipra
669 3053 773 3112 synodo
784 3057 965 3115 raecipiuntur.

28 3131 86 3179 Sunt
98 3147 160 3182 vero
175 3135 244 3182 intra
257 3136 355 3195 acripti.
389 3137 547 3184 Testamenti
560 3138 668 3196 veterio,
680 3139 798 3196 euinque
811 3143 923 3202 Moyaio,
938 3144 965 3190 id

27 3217 73 3260 eat:
88 3218 202 3279 Generis,
212 3220 329 3281 Exodus,
339 3222 479 3280 Leviticae,
487 3221 603 3282 Numeri,
614 3222 858 3282 Deuteronomiom;
874 3228 964 3286 Joaue,

27 3299 146 3363 tadicum,
155 3304 237 3363 Ruth,
254 3307 484 3366 quatuorllegum,
498 3306 548 3354 duo
557 3305 788 3367 Paralipomenon,
802 3309 900 3358 Eudrae
910 3313 964 3368 pri-

29 3393 92 3443 mur,
104 3389 129 3432 et
139 3388 279 3448 secundun,
294 3389 337 3446 qui
348 3389 440 3436 dicitur
448 3391 599 3447 Nehenriar,
613 3391 722 3450 Tobiae,
736 3392 837 3453 Juditlr,
846 3393 966 3452 lleether,

31 3464 85 3528 lob,
99 3467 251 3520 Paalterium
265 3473 417 3520 Davidicum
430 3474 967 3539 centumquinqupgiataPratum-nm,1²2.
