2206 3880
124 107 179 152 LIV
342 103 450 148 SIXTl
475 102 611 154 QUINTI
634 104 853 150 rannrrr'lo.

124 247 203 294 scopo
213 233 262 282 sibi
271 231 428 290 tradendum,
434 231 510 278 etiam
519 231 622 280 minime
631 232 716 290 aliqua
725 233 850 292 particula
859 236 962 295 mutata,
972 235 1069 297 addita,

123 318 166 366 vel
181 318 304 376 detracta,
325 319 368 362 aut
383 315 414 362 ad
428 315 580 374 marginem,
600 315 676 362 velin
687 319 759 364 textu
769 318 910 377 adscripta,
928 319 1008 366 etiem
1026 335 1070 378 per

122 402 224 449 modum
234 401 397 458 scholiorum,
409 398 616 459 annotationum,
628 400 669 446 vel
678 401 794 460 glossae,
804 402 871 462 typis
882 403 1016 463 mandare,
1027 409 1068 452 aut

124 485 269 543 sicquidem
280 485 380 532 codices
390 483 537 542 impressos,
543 485 569 530 et
578 484 797 544 emendatos,riae
807 488 891 532 tamen
902 486 969 535 dieto
980 487 1067 546 signo,

124 573 149 616 et
159 569 330 626 attestatione,
342 566 410 624 quod
420 581 475 614 cum
484 567 566 624 priori
576 568 731 628 exemplari,
742 569 799 630 ribi,
809 572 837 616 ut
846 572 1003 630 praefertur,
1015 576 1065 618 tra-

124 655 175 700 dito
187 651 351 710 concordent,
362 651 482 708 vendere,
499 651 600 698 venales
611 652 712 712 hebere,
724 655 767 708 aut
776 653 839 702 alias
850 654 934 714 edere,
942 655 984 702 vel
996 657 1067 702 evol·

124 751 198 796 gare,
217 738 272 794 aut,
289 735 310 780 si
321 735 375 792 quis
384 735 528 794 Bibliopola
538 749 553 782 a
563 749 604 795 re,
621 736 662 784 vel
673 739 705 784 ab
720 738 777 786 aliis
788 739 930 797 quibusvis,
945 739 1025 786 etiam
1040 741 1066 786 nl

123 822 189 868 hanc
199 833 277 877 arque
288 819 366 878 diem,
383 819 423 866 vel
432 820 460 866 in
469 822 594 880 futurum,
609 823 682 880 ante,
701 822 742 868 rel
758 826 819 880 post
831 823 880 870 dat.
890 825 1065 880 ¹praesentium

123 906 254 952 literarum
269 904 405 962 impressos
419 905 511 964 libror,
531 919 577 952 sen
591 905 785 966 imprimendos,
806 921 821 952 a
834 908 948 964 praelata
963 922 1011 965 per
1022 921 1065 954 nos

124 989 255 1046 restituta,
275 991 300 1034 et
314 992 430 1035 correcta
444 990 556 1036 editione
570 990 598 1036 in
617 989 704 1056 aliquo
724 990 910 1049 discrepantes,
934 992 975 1038 vel
991 993 1064 1050 juxta

123 1085 178 1118 eam
188 1073 219 1118 ad
228 1086 339 1130 unguem
349 1085 402 1118 non
412 1075 558 1122 emendatos
563 1107 572 1131 ,
583 1087 614 1122 aa
622 1073 699 1120 simili
711 1074 878 1134 inquisitoris,
889 1089 934 1122 reu
943 1075 1064 1134 Episcopi

123 1157 308 1216 subscriptione
317 1172 371 1204 non
382 1161 547 1218 approbator,
564 1171 610 1204 seu
621 1171 676 1204 curn
687 1159 869 1217 additionibus,
885 1161 929 1204 aut
940 1160 1018 1206 variis
1028 1159 1062 1205 le-

123 1241 247 1288 ctionibus
258 1242 289 1288 ad
298 1243 439 1302 marginem
449 1243 599 1300 conscriptis
610 1255 736 1299 excusus,
746 1243 841 1300 pariter
852 1243 974 1302 vendere,
984 1257 1061 1290 vena·

122 1325 159 1372 les
169 1339 326 1386 proponere,
343 1327 385 1372 vel
400 1325 521 1385 evulgare
536 1327 747 1390 praerumpserit3
766 1327 801 1386 is,
817 1327 858 1384 qni
872 1327 900 1372 iu
914 1327 1061 1384 supradictis

122 1411 234 1468 casibus,
250 1411 304 1456 sire
315 1423 403 1456 eorum
413 1411 526 1468 quolibet
535 1415 638 1458 nostrae
648 1411 707 1458 huic
718 1410 894 1458 constitutioni
903 1424 957 1456 nou
973 1425 1060 1470 parue-

120 1495 166 1554 rit,
185 1495 251 1540 ultra
259 1493 422 1543 amissionem
432 1495 542 1540 omnium
552 1494 689 1554 librorum,
705 1497 730 1542 et
739 1494 801 1540 alias
812 1495 980 1556 temporales,
995 1496 1060 1542 arbi-

121 1581 171 1626 trio
183 1578 332 1636 infligendas
342 1592 453 1640 poenas,
469 1579 545 1626 etiam
559 1578 663 1636 majoris
678 1578 949 1626 excommunicationis
959 1583 1058 1626 seuten-

121 1664 181 1710 tiam
192 1677 223 1710 eo
233 1663 289 1720 ipso
300 1663 428 1722 incurret,
439 1676 454 1710 a
464 1676 512 1720 qua
518 1693 526 1722 ,
541 1663 591 1710 nisi
600 1663 627 1708 iu
637 1663 727 1708 mortis
738 1662 844 1711 articulo
856 1663 1009 1725 constitutur
1015 1693 1023 1722 ,
1033 1665 1059 1708 ab

121 1749 187 1806 alio,
207 1761 281 1805 quam
296 1761 342 1806 pro
357 1750 472 1806 tempore
488 1747 613 1794 existente
627 1747 742 1794 Romano
755 1747 879 1794 Pontillee
898 1747 998 1794 absolvi
1011 1759 1058 1792 nou

121 1833 209 1891 poscit.
245 1832 319 1886 Quod
333 1833 355 1878 ci
369 1832 520 1890 inquiritur,
539 1833 582 1878 aut
595 1831 738 1888 Episcopus
753 1830 821 1876 aliud
834 1830 966 1888 exemplar
979 1833 1010 1878 ab
1022 1842 1057 1887 eo,

122 1918 189 1976 quod
203 1918 230 1964 in
239 1917 362 1967 Vaticana
377 1915 557 1976 Typograpbia
571 1916 720 1974 impresrum
735 1917 787 1974 est,
802 1927 904 1972 quoquo
919 1915 996 1962 modo
1012 1915 1057 1960 dir-

122 2003 230 2050 cordaus
247 2001 419 2060 Typographo
437 2001 469 2047 ad
482 2001 674 2059 imprimendum
687 1999 834 2059 tradiderit,
853 1999 896 2046 vel
914 1999 1057 2057 impressum

122 2099 168 2134 suo
184 2088 272 2144 signo,
287 2088 330 2130 ant
345 2085 530 2143 rabsariptione
541 2085 732 2144 approbaverit,
747 2085 814 2142 quod
825 2097 918 2132 revera
927 2086 958 2130 ab
969 2098 999 2132 co
1010 2083 1057 2128 dir·

122 2172 222 2226 cordet;
241 2171 268 2214 in
279 2184 348 2228 eum,
360 2169 382 2214 si
390 2170 503 2216 Antiates
513 2169 604 2228 tuerit,
616 2169 715 2219 etiamsi
724 2167 955 2228 Areliepiscopali,
965 2168 1056 2214 Prima·

120 2256 190 2312 tieli,
205 2253 385 2312 Patriarchali,
401 2252 444 2300 vel
453 2253 504 2300 alia
513 2255 605 2311 majori
614 2253 773 2312 praefulgeat
782 2251 919 2312 dignitate,
935 2249 1057 2300 interdicti

120 2341 250 2397 ingressus
260 2337 406 2402 Ecclesiae3
421 2337 443 2384 ri
454 2341 537 2384 antem
546 2338 666 2399 interior,
678 2337 948 2386 excommunicationis
959 2339 1056 2382 senten·

120 2423 181 2469 tiam
196 2421 251 2479 ipro
264 2423 331 2468 facto
347 2421 525 2470 incurrendam
541 2436 574 2470 ex
588 2436 656 2470 nune
669 2436 716 2480 per
730 2423 878 2480 praebentes
892 2421 1012 2478 ferimus,
1026 2419 1056 2464 in

122 2509 152 2554 ut
162 2508 192 2553 ab
203 2505 263 2565 alio,
274 2519 346 2563 quam
358 2507 453 2552 allum.
463 2507 586 2556 Pontifioe
597 2507 775 2565 absolutionis,
785 2508 829 2552 aut
837 2504 1006 2552 relaxationir
1018 2506 1055 2550 be·

122 2590 239 2637 neticium
257 2590 378 2647 consequi
396 2595 513 2648 nequeat.
547 2592 582 2638 Et
600 2591 764 2639 nihilominus
782 2593 833 2636 tam
847 2589 997 2647 inquisitor,
1016 2598 1054 2634 reu

120 2675 262 2732 Episcopus
277 2674 346 2734 ipse,
362 2677 405 2731 qui
415 2676 559 2734 hujusmodi
575 2675 654 2722 libror
665 2689 680 2720 a
689 2677 804 2732 praefata
813 2675 981 2732 imprerriune
991 2669 1055 2718 Vati·

121 2773 185 2806 cana
194 2759 340 2805 differentes
350 2760 538 2818 approbaverit,
549 2772 622 2816 quam
632 2759 707 2806 etiarn
714 2759 909 2819 Typographus,
916 2755 1053 2804 senBiblio-

120 2844 194 2904 pola,
209 2843 357 2899 qui-nostris
367 2843 483 2901 superius
494 2843 622 2900 expressis
633 2843 788 2902 praeceptio,
803 2853 833 2890 ao
847 2839 1053 2899 prohibitionibus

121 2928 148 2974 in
158 2926 242 2982 aliquo
258 2939 310 2970 uon
321 2927 547 2986 obtemperaverit,
562 2927 589 2973 in
605 2927 805 2986 congregatione
815 2925 988 2972 cardinalium
1000 2935 1052 2972 san-

121 3014 176 3063 otae
193 3010 335 3068 Romanae,
360 3013 386 3057 et
404 3010 556 3058 univerralia
574 3011 748 3068 inquisitionis
767 3011 889 3058 adversus
908 3008 1053 3056 haereticam

121 3093 270 3154 pravitatem
280 3107 325 3151 pro
337 3097 450 3152 tempore
462 3095 650 3155 deputatorum,
666 3110 711 3144 sen
725 3109 811 3142 coram
823 3094 923 3152 judice,
938 3093 980 3140 vel
991 3089 1052 3150 juli·

121 3181 190 3226 cibus
201 3179 231 3224 ab
243 3179 329 3224 eadem
343 3178 545 3236 congregatione
556 3178 692 3241 delegatis,
708 3181 738 3228 de
752 3179 898 3238 hujusmodi
906 3180 974 3225 iactu
984 3177 1008 3222 in
1019 3172 1052 3218 di·

121 3263 209 3310 stricto
222 3262 319 3320 judicio
329 3263 455 3308 rationem
464 3262 571 3309 reddere
581 3265 712 3324 teneatur,
722 3278 752 3312 ao
761 3277 809 3322 pro
819 3262 895 3309 modo
906 3261 1006 3318 culpae,
1017 3269 1053 3304 se·

122 3348 189 3394 veris
200 3348 289 3405 poenis
305 3346 417 3402 ejusdem
427 3347 649 3409 congregationis,
664 3363 709 3395 seu
722 3349 830 3406 judicis,
849 3345 892 3392 vel
904 3345 1015 3404 judicum
1027 3341 1052 3386 ab

121 3444 152 3476 ea
162 3431 362 3488 deputandorum
372 3429 477 3475 arbitrio
489 3429 614 3487 puniatur.
664 3434 789 3490 Ceterum,
800 3431 822 3478 ιί
830 3429 1009 3487 manuscripta,
1019 3419 1053 3471 vel
