2206 3880
238 127 450 172 PRAEFATIO
474 128 523 171 An
548 130 756 176 onerosum
902 136 968 180 nvn

23 259 99 306 closis
113 260 225 318 prebete
238 258 334 316 tuerat,
348 255 500 314 grauissimo
510 257 613 305 decreto
632 260 802 308 authenticam
818 261 964 310 declaravit

22 340 96 402 Nam,
115 345 146 390 ut
155 341 219 388 illud
228 341 387 400 omittemus,
402 340 470 397 qnod
479 355 512 388 ex
521 344 665 392 recentibus
676 345 829 392 editionibus
839 359 892 392 non
902 361 965 404 pan-

23 441 64 474 eae
79 427 112 472 ad
128 427 250 473 lreereses
264 425 340 482 hujus
354 425 476 486 temporis
491 427 674 474 confirmandas
683 429 790 475 licenter
800 429 915 475 detortae
927 430 966 474 vi·

22 512 160 558 debentur:
186 510 242 568 ipsa
256 511 326 555 certe
343 510 413 556 toute
428 510 576 558 versionum
594 512 718 571 uarietas,
738 515 812 570 atque
832 513 965 558 diuersitas
1004 549 1009 568 ,

22 609 139 654 magnam
154 593 308 640 inEcelesin
316 592 548 640 Deicontusiouem
563 607 654 652 parere
663 597 796 653 potuisset.
831 598 886 642 Jnm
897 597 965 643 enim

23 679 65 726 bec
80 681 175 726 nostra
188 679 271 724 aetate
285 676 348 724 illud
361 677 416 724 iere
427 678 544 724 evenisse
555 681 667 738 constat,
683 679 750 736 quod
760 682 861 726 sanctus
870 680 965 726 Hiero-

23 764 141 823 nymu10)
152 764 268 820 tempore
277 773 324 808 suo
334 760 456 808 accidisse
466 763 572 808 testatus
582 765 628 822 est,
634 766 672 808 tot
682 763 779 810 scilicet
789 765 867 810 luisse
878 777 965 810 exem·

24 847 115 906 pluris,
136 848 202 903 quot
215 845 328 902 codices3
346 845 408 890 'cum
422 845 594 902 unusquisque
607 859 655 904 pro
670 848 775 894 arbitrio
791 861 837 894 suo
852 847 964 906 adderet,

24 931 63 976 vel
76 931 232 977 detraheret.
266 928 348 985 Hujus
366 930 449 976 entem
467 929 562 976 veteris
577 943 606 976 ac
621 931 739 989 vulgatae
757 931 875 978 editionis
894 938 964 978 teuta

25 1027 121 1072 semper
131 1014 181 1062 fuit
191 1012 338 1072 auotoritas,
348 1014 448 1069 temque
461 1013 591 1060 excellens
601 1015 764 1074 praestantia,
792 1017 818 1058 ut
828 1026 883 1060 eam
893 1020 962 1060 eete-

23 1098 56 1143 ris
66 1098 185 1146 omnibus
194 1096 293 1143 Latinis
302 1096 456 1144 editionibus
470 1095 548 1156 longe
558 1097 748 1144 anteferendum
759 1111 828 1156 esse,
843 1097 908 1154 apud
918 1111 963 1144 ne-

25 1195 83 1238 quos
98 1181 201 1240 jndices
214 1181 243 1228 lu
257 1180 358 1228 dubium
370 1181 489 1226 revocari
504 1195 559 1228 non
572 1184 667 1238 posset.
702 1181 753 1234 Qui
767 1195 874 1238 namque
889 1181 915 1226 in
932 1195 961 1228 ea

24 1265 79 1312 libri
91 1265 258 1312 continentur
274 1263 314 1323 (ut
327 1277 342 1310 a
355 1265 494 1322 maioribus
503 1265 599 1312 nostris
609 1265 681 1322 quasi
690 1277 736 1323 per
745 1277 833 1312 manus
843 1265 962 1310 traditum

25 1349 93 1396 uobis
108 1350 159 1409 est)
174 1349 267 1412 parlim
284 1362 318 1395 ex
332 1349 413 1396 suncti
422 1349 574 1409 Hieronymi
588 1349 769 1409 translatione,
786 1349 827 1396 vel
841 1349 961 1396 emenda·

24 1433 90 1478 lione
104 1434 217 1492 suscepti
230 1435 304 1490 suut3
328 1433 419 1490 partim
437 1434 532 1480 retenti
550 1447 584 1481 ex
597 1433 770 1491 antiquissima
784 1433 890 1490 quadam
905 1433 959 1478 edi-

25 1515 91 1563 tione
99 1517 206 1575 Latina,
216 1531 289 1574 quam
300 1518 326 1564 S.
335 1517 507 1576 Hieronymus
516 1510 539 1578 ὖ)
550 1531 708 1564 communem
719 1520 744 1564 et
754 1516 889 1576 vulgatam,
900 1529 960 1562 sen-

26 1603 74 1646 ctus
83 1602 240 1661 Augustinus
249 1600 271 1660 θ)
285 1600 387 1658 ltelsm,
406 1601 508 1646 sauctus
525 1601 666 1660 Gregorius
677 1594 701 1661 d)
716 1603 835 1647 Veterem
850 1599 961 1646 transla-

24 1684 114 1730 tionem
123 1685 243 1744 appellat.
278 1685 314 1731 Ac
324 1684 355 1730 de
366 1683 460 1730 veteris
470 1684 570 1741 quidem
579 1685 668 1744 hujus,
683 1685 738 1732 sive
747 1683 826 1730 italae
841 1683 961 1730 editionis

25 1769 165 1816 sinceritate
178 1773 253 1826 atque
269 1767 424 1826 praestantia
439 1769 598 1826 praeclarum
612 1769 694 1816 sancti
706 1767 841 1827 Augustini
851 1767 871 1826 ι)
886 1767 960 1812 testi·

26 1854 131 1900 monium
143 1855 214 1902 extat
223 1853 251 1900 in
261 1851 372 1898 secundo
382 1851 448 1898 libro
459 1853 490 1900 de
499 1854 624 1900 Doctrina
634 1853 791 1910 Christiana,
808 1850 850 1898 ubi
859 1850 957 1896 Latinis

26 1937 133 1984 omnibns
144 1937 311 1996 editionibus,
326 1947 390 1993 quse
399 1939 460 1984 tnnc
470 1937 594 1994 plurimae
602 1937 858 1992 circumferebantur,
869 1934 958 1980 ltalnm

25 2022 212 2076 praeferendam
222 2020 329 2080 censuit,
340 2020 408 2077 quod
418 2023 494 2080 esset,
504 2023 533 2066 nt
542 2021 597 2079 ipse
607 2019 728 2080 loquitur,
739 2021 875 2065 verborum
884 2022 958 2063 teus-

26 2104 74 2150 eior
92 2120 148 2153 curu
165 2104 346 2163 perspicuitate
365 2105 515 2152 sententiae.
549 2103 591 2154 De
611 2106 699 2150 sancto
718 2115 781 2150 vero
800 2102 958 2160 Hieronymo

24 2189 95 2235 multa
107 2191 197 2236 extant
212 2190 325 2234 veterum
334 2189 438 2234 Petrum
452 2188 557 2247 egregia
569 2189 726 2236 testimonia:
743 2201 806 2234 eum
821 2186 888 2233 enim
898 2199 958 2232 sars-

24 2263 111 2332 rtnss)
126 2273 283 2332 Augustinus
298 2272 426 2318 bominem
436 2272 621 2333 doctissimum,
637 2287 667 2320 ac
676 2273 752 2320 trium
760 2271 903 2329 linguarum
913 2283 959 2327 pe-

24 2356 163 2404 ritissimum
182 2359 271 2415 vocet,
289 2359 364 2414 atque
383 2357 439 2414 ejus
457 2357 652 2404 translationem
665 2357 778 2414 ipsorum
792 2369 891 2413 qnoque
906 2355 959 2402 He·

25 2441 152 2488 brneornm
169 2440 317 2488 testimonio
336 2453 455 2488 veracem
472 2454 529 2487 esse
547 2443 687 2488 confirmat.
724 2440 839 2486 Eundem
858 2441 959 2486 sanctus

27 2522 158 2581 Gregorius
166 2525 193 2584 ὅ)
204 2524 240 2572 ita
249 2524 391 2583 praedicat,
406 2527 434 2570 ut
443 2525 498 2582 ejus
508 2525 714 2584 translationem,
729 2537 802 2582 quem
812 2535 905 2568 novam
914 2535 959 2580 ap-

28 2607 109 2668 pellat,
125 2622 158 2655 ex
167 2609 285 2655 Hebraeo
301 2608 403 2665 eloquio
414 2611 505 2655 cuncte
516 2609 601 2656 verius
610 2608 778 2655 transfudisse
788 2607 866 2653 dicat:
885 2608 960 2662 atque

27 2689 113 2738 idcirco
123 2691 295 2750 dignissimam
306 2705 376 2751 esse,
391 2693 432 2740 cui
446 2693 506 2740 lides
520 2693 548 2738 in
558 2693 673 2740 omnibus
687 2691 817 2738 habeatur.
853 2690 959 2734 Sanctus

27 2777 101 2822 antem
110 2776 224 2822 Isidorus
234 2769 259 2834 ἢ)
268 2789 323 2822 non
333 2789 385 2822 ιιιιο
395 2777 422 2822 in
431 2777 490 2822 loco
500 2776 726 2834 Hieronymianam
741 2773 883 2820 versionem
917 2784 958 2816 ce-

27 2859 80 2904 teris
90 2860 205 2906 omnibus
215 2860 360 2919 auteponit,
371 2873 475 2918 eamque
483 2865 514 2909 ab
523 2859 647 2908 Ecclesiis
658 2857 807 2904 Cbristianis
818 2856 958 2902 communi-

26 2943 60 2986 ter
69 2943 147 3002 recipi
156 2957 186 2990 ac
195 2944 300 3002 probari
309 2945 429 3002 affirmat,
440 2945 508 3002 quod
517 2944 550 2990 sit
559 2943 587 2990 in
597 2943 681 2989 verbis
692 2941 795 2999 clarior,
806 2943 831 2987 et
842 2939 958 2986 veracior

26 3079 356 3096 -ι-ι--η--ι-

74 3173 99 3226 a)
113 3171 219 3216 Praetat.
229 3174 253 3216 in
263 3173 341 3217 dorne,
370 3175 394 3230 b)
411 3175 435 3218 S.
446 3177 539 3219 Hieron·
550 3177 574 3218 in
584 3188 634 3230 cap.
644 3177 679 3218 to.
690 3172 746 3226 Issi.
775 3175 798 3227 ι)
813 3171 837 3214 S.
848 3171 905 3223 Aug.
916 3169 958 3211 lib.

27 3246 44 3284 ².
53 3244 77 3286 de
87 3246 198 3288 Doctrina
208 3245 293 3289 Christ.
304 3260 355 3302 cup.
367 3251 401 3290 14.
432 3251 458 3304 cl)
474 3247 499 3290 S.
510 3248 578 3300 Greg.
588 3245 696 3302 Epistola
707 3246 779 3288 dedic.
794 3245 822 3286 ad
830 3243 958 3284 Leanrlrum

27 3319 134 3370 upum
146 3319 186 3360 fill·
215 3317 527 3376 e)S.Augustutisupra.
551 3318 585 3376 f)
599 3320 650 3362 Lib.
666 3324 699 3362 18.
715 3319 742 3360 de
758 3316 826 3358 civit.
837 3314 893 3362 Del,
908 3325 957 3367 cap.

27 3391 56 3429 ⁴³·
82 3393 109 3446 g)
124 3389 176 3434 Lib.
188 3395 223 3436 20.
235 3389 314 3436 mosel·
330 3395 364 3435 2⁴.
393 3391 419 3448 l)
435 3393 486 3436 Lib.
501 3396 521 3437 b.
535 3391 635 3444 Etymol.
651 3403 702 3446 cap.
717 3389 799 3433 ιιι).
811 3385 958 3429 1.ι1οΒὶιίιι.

28 3461 60 3503 off.
71 3467 102 3506 1².
1044 3465 1047 3472 .
