2206 3880
141 137 159 177 1.
356 130 463 176 srxrl
488 130 624 181 entitur
647 130 867 176 Pnsnrnulo.

140 263 188 310 mis
201 263 331 310 Hebraeae
349 261 452 320 linguae
465 258 609 318 Magistris:
639 271 693 304 non
711 257 780 306 enim
796 272 848 308 uso
866 260 954 318 aliam
965 263 1073 312 Doctore

142 349 275 394 contentus
285 347 345 403 luit,
356 345 401 390 sed
409 343 545 402 plurimos,
561 356 657 398 corone
666 341 852 390 eruditissimas
860 344 1008 394 adhibebat:
1026 363 1073 396 non

140 445 226 478 rerum
235 430 322 489 modo,
338 426 514 474 verumetiam
529 427 660 474 nominum
669 426 921 486 sedulusiudagator.
958 431 1072 484 Quirino

141 520 166 562 et
175 516 232 562 loca
241 515 305 572 ipsa,
316 523 380 568 quae
389 510 416 556 in
425 510 557 568 scripturis
567 523 643 568 saepe
653 513 896 571 commemorantur,
905 513 1031 575 inspexit,
1039 517 1071 562 id-

140 613 187 656 qne
202 600 232 644 ad
242 594 435 653 intelligentiam
444 594 627 651 scriptuarum
635 607 794 652 summopere
804 595 852 642 sibi
862 599 992 653 proruisse
1001 603 1071 648 testa-

139 688 180 728 bor
189 683 221 740 ⁰).
257 680 413 735 Quicumque
427 679 505 737 igitur
518 679 584 726 tanti
595 679 742 736 interpretis
751 679 923 741 sanctitatem,
936 683 1071 742 ingenium,

140 764 317 822 eruditionem,
328 763 467 821 solertiam,
476 763 624 822 Magistros,
634 763 745 822 labores,
755 763 826 822 illud,
836 763 864 810 in
873 778 923 822 qso
937 766 1011 825 vixit,
1023 781 1070 816 sae-

140 850 232 907 culum,
243 862 297 894 cum
307 847 451 905 linguarum
460 846 586 903 omnium,
600 861 630 894 ac
639 846 789 906 praesertim
796 847 928 896 Hebraeae
939 850 1024 896 studia
1031 853 1070 896 lo-

139 936 239 992 rereut‚
254 931 388 990 diligenter
403 931 586 989 spectaverint3
604 931 808 989 taeilejudicinm
818 931 971 980 damnabunt
981 948 1069 993 eorun,

138 1020 181 1076 qui
194 1021 301 1064 nuttam
314 1015 403 1064 eximii
417 1015 529 1064 doctoris
543 1015 760 1064 lucubrationibus
774 1029 828 1064 nou
843 1017 1022 1082 acquiescunt,
1034 1021 1069 1066 aut

139 1103 214 1148 etiam
224 1101 343 1161 meliora,
354 1115 399 1146 seu
408 1101 480 1159 paria
488 1102 619 1158 praestare
629 1113 656 1146 se
666 1113 742 1156 posse
751 1100 888 1148 confidunt.
922 1101 1007 1150 lllulto
1017 1116 1068 1149 sanc

138 1187 232 1233 rectius
246 1190 346 1232 sancum
362 1185 490 1243 isidorus,
502 1183 655 1231 venerahilis
670 1184 737 1230 Beda
750 1186 899 1244 Presbyter,
915 1189 1067 1234 sanctuslie·

138 1272 237 1329 niglam,
247 1270 377 1328 Aleuinus,
387 1270 555 1327 Fortunatus,
564 1269 682 1314 itabauus
692 1270 808 1326 Maurus,
819 1272 921 1316 sanstus
931 1271 1066 1327 Auselmua,

138 1359 160 1402 b.
170 1354 322 1412 liemarum,
332 1354 440 1410 Haymo,
448 1351 596 1410 nicanum,
607 1357 633 1398 et
640 1352 715 1410 Hugo
720 1353 859 1411 Victorini,
869 1354 961 1401 Petrus
971 1355 1065 1402 Clunia-

138 1439 234 1496 censis,
249 1437 374 1494 Repertus
383 1436 480 1494 Abbss,
499 1435 592 1492 aliique
605 1435 747 1494 complures
763 1437 862 1494 egregii
878 1437 1010 1499 doctores,
1031 1439 1064 1496 qui

137 1536 183 1580 per
191 1521 261 1567 mille
275 1521 366 1566 abhinc
375 1533 457 1566 annos
472 1519 499 1564 in
508 1519 625 1566 nectens
636 1520 790 1579 claruerunt,
801 1521 844 1577 qui
854 1521 1006 1582 Hieronymi
1018 1537 1063 1570 ver-

137 1609 211 1654 sione
220 1607 256 1652 ita
267 1605 294 1650 in
305 1605 419 1650 omnibus
430 1603 651 1662 disputationibus,
659 1605 872 1663 enarrationibus,
882 1605 1063 1654 declamationi·

137 1697 182 1738 bus
189 1691 302 1748 usisuut,
319 1693 348 1737 ut
362 1688 1062 1750 aeterae,quaepcncinnumerabilescrant,quasilapsae

137 1777 168 1822 dc
182 1774 364 1821 catholicorum
378 1773 480 1818 Petrum
493 1773 607 1819 manibus
623 1772 804 1820 obsoleverint.
839 1774 950 1832 Ideoque
965 1777 1061 1836 legimus

137 1860 203 1920 apud
216 1863 329 1906 sanetum
343 1858 466 1904 isidorum
476 1850 513 1915 1’),
534 1857 652 1913 quoniam
669 1857 700 1904 dc
712 1858 829 1904 Hebraeo
845 1859 871 1904 iu
884 1859 1003 1906 Latinum
1016 1860 1060 1906 elo·
1091 1841 1092 1926 1

137 1947 222 2004 quium
236 1949 337 1990 sanctus
352 1939 524 1988 tantummodo
533 1939 704 2000 Hieronymus
719 1955 803 1988 sacras
814 1943 952 2000 scripturas
963 1956 1060 1990 conres-
1090 1965 1091 2044 1

135 2031 176 2089 tit,
196 2030 252 2087 ejus
267 2028 379 2074 editione
397 2024 553 2084 generaliter
572 2037 659 2070 omnes
673 2024 802 2072 Ecclesiae
821 2039 1001 2086 usquequaque
1025 2027 1059 2075 uti.
1089 2059 1090 2078 2

137 2127 168 2160 eo
183 2114 250 2170 quod
264 2112 380 2158 veracior
394 2113 434 2156 est
448 2110 475 2154 in
488 2109 635 2166 sententiis,
651 2111 676 2154 et
690 2109 784 2156 clarior
799 2111 826 2156 in
843 2111 935 2158 verbis.
971 2112 1059 2158 litante
1089 2081 1090 2162 1

136 2197 261 2244 isidorum
272 2198 295 2242 b.
309 2195 448 2252 Gregorius
462 2195 570 2250 Magnus
579 2193 602 2251 e)
615 2193 670 2238 lere
686 2193 752 2240 idem
767 2198 889 2240 senserat.
924 2195 979 2242 Nee
988 2193 1060 2240 Latini

135 2281 211 2328 modo
221 2281 322 2336 Patres,
337 2277 381 2324 sed
390 2277 500 2323 Hebraei
513 2289 613 2332 quoque
623 2277 763 2334 Graecique
773 2292 828 2324 cum
839 2278 946 2324 Latinos
955 2279 1019 2326 ulios
1028 2279 1059 2324 in·

136 2367 261 2422 terpretes
276 2361 420 2420 negligant,
434 2362 478 2405 aut
490 2360 622 2418 ignorent,
632 2361 814 2420 Hieronymum
823 2365 908 2410 tamen
918 2362 1059 2421 amplissimo

136 2461 183 2496 sno
198 2447 359 2503 testimonio,
379 2444 518 2490 ethonore
533 2443 870 2501 dignumesseeensnernnt.
905 2447 971 2494 Nam
979 2447 1009 2494 de
1017 2446 1058 2491 He·
1086 2429 1087 2518 1

136 2533 219 2579 braeis
229 2531 294 2577 idem
305 2528 459 2586 Augustinus
469 2519 507 2584 d):
532 2527 563 2572 de
573 2527 676 2582 Graecis
690 2532 772 2576 autem
782 2529 888 2586 ipsemet
898 2533 1000 2578 sanetus
1008 2529 1059 2575 liic·

135 2629 258 2676 ronymus
272 2612 372 2667 scribit,
387 2624 402 2656 a
417 2611 562 2668 Sopbronin
578 2613 634 2657 uiro
650 2613 742 2670 optime
758 2613 856 2660 erudito
866 2613 1028 2671 nanterum,
1041 2613 1059 2656 et

133 2701 279 2760 propbetas,
290 2709 354 2755 quos
362 2695 532 2754 Hieronymus
541 2695 562 2754 θ)
578 2709 610 2742 ex
619 2697 736 2742 Hebraeo
745 2697 772 2742 iu
782 2698 900 2744 Latinum
908 2695 1057 2754 uerterat,in

135 2786 257 2831 Graecum
267 2781 378 2839 eleganti
387 2793 504 2826 sannone
513 2779 650 2826 translatos
660 2779 746 2826 fuisse.
782 2781 998 2833 Quemadmodum
1006 2790 1056 2836 euzo

134 2867 259 2914 laudabile
273 2870 325 2923 est,
340 2865 488 2921 ubicumque
500 2862 583 2909 nostri
592 2863 692 2910 codices
706 2863 756 2920 ipsi
770 2877 815 2921 per
824 2877 852 2910 se
865 2869 909 2912 aut
923 2861 1053 2916 conciliari,

133 2955 177 2997 aut
186 2949 295 3007 intelligi
304 2961 356 2996 nun
366 2949 484 3006 possunt,
497 2946 640 3006 linguarum
655 2951 817 2996 externarum
826 2949 954 3006 praesidia
963 2959 1056 3007 quaerc-

133 3047 175 3091 re;
194 3035 242 3090 its,
258 3045 313 3078 eum
323 3033 347 3077 id
358 3031 528 3078 necessarium
537 3045 590 3079 non
601 3035 652 3091 est,
667 3032 803 3080 levissimis
813 3032 843 3078 de
854 3033 936 3082 causis
945 3033 1055 3092 majorum

190 3266 215 3316 a)
232 3263 258 3304 lu
269 3261 367 3317 praelat.
378 3260 432 3302 libri
441 3261 579 3319 Paralipcm.
596 3265 625 3307 sd
635 3265 783 3308 Domnionern
797 3270 820 3307 et
834 3265 992 3318 Rogatianum.
1002 3262 1049 3304 Tou

134 3341 154 3378 ³.
185 3337 209 3388 is)
226 3336 276 3376 Lib.
288 3337 307 3376 1.
319 3334 347 3375 de
357 3333 440 3376 officiis
450 3335 531 3378 divinis
541 3349 590 3391 esp.
603 3341 635 3378 12.
665 3338 794 3391 c)1.ib.2o.
806 3335 884 3378 Moral.
896 3349 947 3393 cap·
958 3341 991 3380 24.
1002 3334 1054 3376 'rou

134 3413 155 3450 2.
186 3410 210 3462 cl)
227 3408 277 3450 Lib.
293 3410 326 3449 18.
342 3406 369 3448 tle
384 3407 442 3448 civit·
458 3406 502 3450 Dei
516 3421 566 3464 cap.
577 3413 610 3452 13.
625 3409 691 3452 'l'onu
702 3414 722 3452 i.
751 3411 772 3463 c)
788 3410 823 3451 De
837 3411 892 3451 viris
906 3409 1029 3452 illustribus
1039 3405 1054 3444 it

135 3479 268 3536 Sophronia.
