<?xml version="1.0" encoding="UTF-8"?>
<!DOCTYPE html PUBLIC "-//W3C//DTD XHTML 1.0 Transitional//EN"
    "http://www.w3.org/TR/xhtml1/DTD/xhtml1-transitional.dtd">
<html xmlns="http://www.w3.org/1999/xhtml" xml:lang="en" lang="en">
 <head>
  <title>
</title>
<meta http-equiv="Content-Type" content="text/html;charset=utf-8" />
  <meta name='ocr-system' content='tesseract 3.04.00' />
  <meta name='ocr-capabilities' content='ocr_page ocr_carea ocr_par ocr_line ocrx_word'/>
</head>
<body>
  <div class='ocr_page' id='page_1' title='image "./novumtestamentu00flecgoog/novumtestamentu00flecgoog_0068.png"; bbox 0 0 2206 3880; ppageno 0'>
   <div class='ocr_carea' id='block_1_1' title="bbox 150 141 877 192">
    <p class='ocr_par' dir='ltr' id='par_1_1' title="bbox 150 4 1093 205">
     <span class='ocr_line' id='line_1_1' title="bbox 150 141 877 192; baseline -0.008 0"><span class='ocrx_word' id='word_1_1' title='bbox 150 146 196 192; x_wconf 76' lang='lat' dir='ltr'><strong>LX</strong></span> <span class='ocrx_word' id='word_1_2' title='bbox 364 144 574 190; x_wconf 74' lang='lat' dir='ltr'><strong>PRAEFATIO</strong></span> <span class='ocrx_word' id='word_1_3' title='bbox 597 143 645 187; x_wconf 77' lang='lat' dir='ltr'><strong>Ao</strong></span> <span class='ocrx_word' id='word_1_4' title='bbox 669 141 877 187; x_wconf 75' lang='lat' dir='ltr'><strong>LECTOREM.</strong></span> 
     </span>
    </p>
   </div>
   <div class='ocr_carea' id='block_1_2' title="bbox 126 269 1097 2338">
    <p class='ocr_par' dir='ltr' id='par_1_2' title="bbox 126 269 1097 2338">
     <span class='ocr_line' id='line_1_2' title="bbox 151 269 1081 335; baseline -0.008 -12"><span class='ocrx_word' id='word_1_5' title='bbox 151 289 228 335; x_wconf 77' lang='lat' dir='ltr'><strong>poree</strong></span> <span class='ocrx_word' id='word_1_6' title='bbox 237 274 389 322; x_wconf 85' lang='lat' dir='ltr'><strong>credendum</strong></span> <span class='ocrx_word' id='word_1_7' title='bbox 400 276 446 331; x_wconf 86' lang='lat' dir='ltr'><strong>ert,</strong></span> <span class='ocrx_word' id='word_1_8' title='bbox 458 275 485 317; x_wconf 91' lang='lat' dir='ltr'><strong>ot</strong></span> <span class='ocrx_word' id='word_1_9' title='bbox 493 272 604 328; x_wconf 75' lang='lat' dir='ltr'><strong>maiorer</strong></span> <span class='ocrx_word' id='word_1_10' title='bbox 613 271 705 330; x_wconf 71' lang='lat' dir='ltr'><strong>nostri,</strong></span> <span class='ocrx_word' id='word_1_11' title='bbox 716 271 759 328; x_wconf 83' lang='lat' dir='ltr'><strong>qni</strong></span> <span class='ocrx_word' id='word_1_12' title='bbox 767 269 939 328; x_wconf 62' lang='lat' dir='ltr'><strong>efficiaris,</strong></span> <span class='ocrx_word' id='word_1_13' title='bbox 951 270 977 315; x_wconf 88' lang='lat' dir='ltr'><strong>et</strong></span> <span class='ocrx_word' id='word_1_14' title='bbox 987 269 1081 316; x_wconf 80' lang='lat' dir='ltr'><strong>Graecir</strong></span> 
     </span>
     <span class='ocr_line' id='line_1_3' title="bbox 150 353 1081 415; baseline -0.008 -9"><span class='ocrx_word' id='word_1_15' title='bbox 150 360 241 406; x_wconf 63' lang='lat' dir='ltr'><strong>lrflfiufl</strong></span> <span class='ocrx_word' id='word_1_16' title='bbox 254 359 382 415; x_wconf 85' lang='lat' dir='ltr'><strong>iecerunt,</strong></span> <span class='ocrx_word' id='word_1_17' title='bbox 397 355 495 413; x_wconf 81' lang='lat' dir='ltr'><strong>copiam</strong></span> <span class='ocrx_word' id='word_1_18' title='bbox 508 355 641 402; x_wconf 86' lang='lat' dir='ltr'><strong>meliorum</strong></span> <span class='ocrx_word' id='word_1_19' title='bbox 656 358 682 401; x_wconf 89' lang='lat' dir='ltr'><strong>et</strong></span> <span class='ocrx_word' id='word_1_20' title='bbox 696 354 895 400; x_wconf 69' lang='lat' dir='ltr'><strong>emendatiorum</strong></span> <span class='ocrx_word' id='word_1_21' title='bbox 909 353 1035 400; x_wconf 89' lang='lat' dir='ltr'><strong>librorum</strong></span> <span class='ocrx_word' id='word_1_22' title='bbox 1044 355 1081 399; x_wconf 87' lang='lat' dir='ltr'><strong>ha·</strong></span> 
     </span>
     <span class='ocr_line' id='line_1_4' title="bbox 150 437 1079 500; baseline -0.01 -10"><span class='ocrx_word' id='word_1_23' title='bbox 150 445 263 500; x_wconf 72' lang='lat' dir='ltr'><strong>inerint,</strong></span> <span class='ocrx_word' id='word_1_24' title='bbox 274 455 347 498; x_wconf 87' lang='lat' dir='ltr'><strong>qnam</strong></span> <span class='ocrx_word' id='word_1_25' title='bbox 356 440 386 499; x_wconf 88' lang='lat' dir='ltr'><strong>ii,</strong></span> <span class='ocrx_word' id='word_1_26' title='bbox 404 439 446 496; x_wconf 91' lang='lat' dir='ltr'><strong>qni</strong></span> <span class='ocrx_word' id='word_1_27' title='bbox 457 442 515 496; x_wconf 80' lang='lat' dir='ltr'><strong>port</strong></span> <span class='ocrx_word' id='word_1_28' title='bbox 524 438 626 484; x_wconf 88' lang='lat' dir='ltr'><strong>illorum</strong></span> <span class='ocrx_word' id='word_1_29' title='bbox 636 441 745 485; x_wconf 74' lang='lat' dir='ltr'><strong>oetatem</strong></span> <span class='ocrx_word' id='word_1_30' title='bbox 754 437 783 483; x_wconf 84' lang='lat' dir='ltr'><strong>nd</strong></span> <span class='ocrx_word' id='word_1_31' title='bbox 795 450 843 482; x_wconf 81' lang='lat' dir='ltr'><strong>nor</strong></span> <span class='ocrx_word' id='word_1_32' title='bbox 852 441 1035 494; x_wconf 83' lang='lat' dir='ltr'><strong>pervenerunt,</strong></span> <span class='ocrx_word' id='word_1_33' title='bbox 1046 437 1079 492; x_wconf 84' lang='lat' dir='ltr'><strong>qui</strong></span> 
     </span>
     <span class='ocr_line' id='line_1_5' title="bbox 149 520 1078 581; baseline -0.009 -8"><span class='ocrx_word' id='word_1_34' title='bbox 149 529 258 573; x_wconf 81' lang='lat' dir='ltr'><strong>fortoroe</strong></span> <span class='ocrx_word' id='word_1_35' title='bbox 271 529 323 570; x_wconf 84' lang='lat' dir='ltr'><strong>toro</strong></span> <span class='ocrx_word' id='word_1_36' title='bbox 336 524 415 581; x_wconf 83' lang='lat' dir='ltr'><strong>longo</strong></span> <span class='ocrx_word' id='word_1_37' title='bbox 428 525 543 579; x_wconf 85' lang='lat' dir='ltr'><strong>tempore</strong></span> <span class='ocrx_word' id='word_1_38' title='bbox 557 522 694 568; x_wconf 79' lang='lat' dir='ltr'><strong>identidem</strong></span> <span class='ocrx_word' id='word_1_39' title='bbox 704 520 869 567; x_wconf 83' lang='lat' dir='ltr'><strong>dereribeodo</strong></span> <span class='ocrx_word' id='word_1_40' title='bbox 879 520 962 566; x_wconf 77' lang='lat' dir='ltr'><strong>minua</strong></span> <span class='ocrx_word' id='word_1_41' title='bbox 972 520 1037 580; x_wconf 78' lang='lat' dir='ltr'><strong>puri,</strong></span> <span class='ocrx_word' id='word_1_42' title='bbox 1047 523 1078 564; x_wconf 83' lang='lat' dir='ltr'><strong>ot-</strong></span> 
     </span>
     <span class='ocr_line' id='line_1_6' title="bbox 149 603 1094 668; baseline -0.01 -11"><span class='ocrx_word' id='word_1_43' title='bbox 149 625 197 668; x_wconf 84' lang='lat' dir='ltr'><strong>que</strong></span> <span class='ocrx_word' id='word_1_44' title='bbox 212 609 306 666; x_wconf 72' lang='lat' dir='ltr'><strong>integri</strong></span> <span class='ocrx_word' id='word_1_45' title='bbox 316 608 464 663; x_wconf 75' lang='lat' dir='ltr'><strong>evenerunt3</strong></span> <span class='ocrx_word' id='word_1_46' title='bbox 479 610 531 651; x_wconf 90' lang='lat' dir='ltr'><strong>tum</strong></span> <span class='ocrx_word' id='word_1_47' title='bbox 541 607 649 663; x_wconf 89' lang='lat' dir='ltr'><strong>deniqne</strong></span> <span class='ocrx_word' id='word_1_48' title='bbox 659 605 718 662; x_wconf 83' lang='lat' dir='ltr'><strong>quia</strong></span> <span class='ocrx_word' id='word_1_49' title='bbox 728 617 814 650; x_wconf 77' lang='lat' dir='ltr'><strong>sacrae</strong></span> <span class='ocrx_word' id='word_1_50' title='bbox 829 603 1025 662; x_wconf 76' lang='lat' dir='ltr'><strong>congregationi</strong></span> <span class='ocrx_word' id='word_1_51' title='bbox 1034 617 1077 649; x_wconf 88' lang='lat' dir='ltr'><strong>an·</strong></span> <span class='ocrx_word' id='word_1_52' title='bbox 1093 613 1094 656; x_wconf 55' lang='lat' dir='ltr'><strong>t</strong></span> 
     </span>
     <span class='ocr_line' id='line_1_7' title="bbox 150 688 1077 752; baseline -0.006 -14"><span class='ocrx_word' id='word_1_53' title='bbox 150 693 321 752; x_wconf 71' lang='lat' dir='ltr'><strong>plissimorum</strong></span> <span class='ocrx_word' id='word_1_54' title='bbox 331 689 514 748; x_wconf 84' lang='lat' dir='ltr'><strong>Cardinalium,</strong></span> <span class='ocrx_word' id='word_1_55' title='bbox 525 689 631 746; x_wconf 72' lang='lat' dir='ltr'><strong>aliisque</strong></span> <span class='ocrx_word' id='word_1_56' title='bbox 642 688 817 735; x_wconf 68' lang='lat' dir='ltr'><strong>eruditissimis</strong></span> <span class='ocrx_word' id='word_1_57' title='bbox 828 688 889 736; x_wconf 84' lang='lat' dir='ltr'><strong>viria</strong></span> <span class='ocrx_word' id='word_1_58' title='bbox 899 689 931 734; x_wconf 86' lang='lat' dir='ltr'><strong>ad</strong></span> <span class='ocrx_word' id='word_1_59' title='bbox 941 689 990 734; x_wconf 86' lang='lat' dir='ltr'><strong>hoc</strong></span> <span class='ocrx_word' id='word_1_60' title='bbox 1000 701 1077 746; x_wconf 82' lang='lat' dir='ltr'><strong>epure</strong></span> 
     </span>
     <span class='ocr_line' id='line_1_8' title="bbox 151 770 1076 834; baseline -0.005 -12"><span class='ocrx_word' id='word_1_61' title='bbox 151 777 212 824; x_wconf 82' lang='lat' dir='ltr'><strong>rede</strong></span> <span class='ocrx_word' id='word_1_62' title='bbox 227 774 368 834; x_wconf 83' lang='lat' dir='ltr'><strong>eportoiicu</strong></span> <span class='ocrx_word' id='word_1_63' title='bbox 382 771 485 820; x_wconf 76' lang='lat' dir='ltr'><strong>deiectis</strong></span> <span class='ocrx_word' id='word_1_64' title='bbox 500 774 657 832; x_wconf 85' lang='lat' dir='ltr'><strong>properitnm</strong></span> <span class='ocrx_word' id='word_1_65' title='bbox 671 785 725 818; x_wconf 93' lang='lat' dir='ltr'><strong>non</strong></span> <span class='ocrx_word' id='word_1_66' title='bbox 734 773 795 831; x_wconf 84' lang='lat' dir='ltr'><strong>fuit,</strong></span> <span class='ocrx_word' id='word_1_67' title='bbox 810 785 904 818; x_wconf 83' lang='lat' dir='ltr'><strong>noram</strong></span> <span class='ocrx_word' id='word_1_68' title='bbox 914 770 1023 830; x_wconf 86' lang='lat' dir='ltr'><strong>oliquam</strong></span> <span class='ocrx_word' id='word_1_69' title='bbox 1032 772 1076 818; x_wconf 89' lang='lat' dir='ltr'><strong>edi·</strong></span> 
     </span>
     <span class='ocr_line' id='line_1_9' title="bbox 150 855 1076 916; baseline -0.003 -11"><span class='ocrx_word' id='word_1_70' title='bbox 150 861 246 905; x_wconf 89' lang='lat' dir='ltr'><strong>tionem</strong></span> <span class='ocrx_word' id='word_1_71' title='bbox 260 859 363 916; x_wconf 70' lang='lat' dir='ltr'><strong>ardere,</strong></span> <span class='ocrx_word' id='word_1_72' title='bbox 380 857 422 904; x_wconf 87' lang='lat' dir='ltr'><strong>vel</strong></span> <span class='ocrx_word' id='word_1_73' title='bbox 436 856 565 912; x_wconf 73' lang='lat' dir='ltr'><strong>antiquum</strong></span> <span class='ocrx_word' id='word_1_74' title='bbox 574 856 739 914; x_wconf 86' lang='lat' dir='ltr'><strong>interpretem</strong></span> <span class='ocrx_word' id='word_1_75' title='bbox 755 855 807 902; x_wconf 86' lang='lat' dir='ltr'><strong>ulla</strong></span> <span class='ocrx_word' id='word_1_76' title='bbox 823 857 940 914; x_wconf 80' lang='lat' dir='ltr'><strong>exparte</strong></span> <span class='ocrx_word' id='word_1_77' title='bbox 956 855 1076 914; x_wconf 77' lang='lat' dir='ltr'><strong>corrigere</strong></span> 
     </span>
     <span class='ocr_line' id='line_1_10' title="bbox 151 925 1095 999; baseline -0.002 -11"><span class='ocrx_word' id='word_1_78' title='bbox 151 943 193 989; x_wconf 77' lang='lat' dir='ltr'><strong>rel</strong></span> <span class='ocrx_word' id='word_1_79' title='bbox 202 941 350 999; x_wconf 80' lang='lat' dir='ltr'><strong>emendere3</strong></span> <span class='ocrx_word' id='word_1_80' title='bbox 368 939 500 998; x_wconf 69' lang='lat' dir='ltr'><strong>redieram</strong></span> <span class='ocrx_word' id='word_1_81' title='bbox 512 942 637 998; x_wconf 89' lang='lat' dir='ltr'><strong>veterem,</strong></span> <span class='ocrx_word' id='word_1_82' title='bbox 647 953 677 986; x_wconf 83' lang='lat' dir='ltr'><strong>ac</strong></span> <span class='ocrx_word' id='word_1_83' title='bbox 688 940 815 998; x_wconf 78' lang='lat' dir='ltr'><strong>vulgatum</strong></span> <span class='ocrx_word' id='word_1_84' title='bbox 824 939 963 986; x_wconf 84' lang='lat' dir='ltr'><strong>editionem</strong></span> <span class='ocrx_word' id='word_1_85' title='bbox 971 940 1075 986; x_wconf 79' lang='lat' dir='ltr'><strong>Latinam</strong></span> <span class='ocrx_word' id='word_1_86' title='bbox 1094 925 1095 966; x_wconf 50' lang='lat' dir='ltr'><strong>i</strong></span> 
     </span>
     <span class='ocr_line' id='line_1_11' title="bbox 150 1023 1076 1082; baseline -0.003 -10"><span class='ocrx_word' id='word_1_87' title='bbox 150 1041 167 1072; x_wconf 78' lang='lat' dir='ltr'><strong>e</strong></span> <span class='ocrx_word' id='word_1_88' title='bbox 178 1025 273 1072; x_wconf 73' lang='lat' dir='ltr'><strong>mendic</strong></span> <span class='ocrx_word' id='word_1_89' title='bbox 290 1028 402 1071; x_wconf 89' lang='lat' dir='ltr'><strong>veterum</strong></span> <span class='ocrx_word' id='word_1_90' title='bbox 415 1024 590 1081; x_wconf 81' lang='lat' dir='ltr'><strong>librariorum,</strong></span> <span class='ocrx_word' id='word_1_91' title='bbox 607 1037 721 1070; x_wconf 89' lang='lat' dir='ltr'><strong>necnon</strong></span> <span class='ocrx_word' id='word_1_92' title='bbox 735 1037 869 1082; x_wconf 74' lang='lat' dir='ltr'><strong>pravarum</strong></span> <span class='ocrx_word' id='word_1_93' title='bbox 885 1023 1076 1071; x_wconf 77' lang='lat' dir='ltr'><strong>emendationum</strong></span> 
     </span>
     <span class='ocr_line' id='line_1_12' title="bbox 130 1107 1076 1168; baseline -0.002 -14"><span class='ocrx_word' id='word_1_94' title='bbox 130 1151 135 1162; x_wconf 82' lang='lat'><strong>,</strong></span> <span class='ocrx_word' id='word_1_95' title='bbox 154 1109 283 1156; x_wconf 74' lang='lat' dir='ltr'><strong>erroribus</strong></span> <span class='ocrx_word' id='word_1_96' title='bbox 292 1111 462 1167; x_wconf 78' lang='lat' dir='ltr'><strong>repurgatam,</strong></span> <span class='ocrx_word' id='word_1_97' title='bbox 473 1121 533 1154; x_wconf 80' lang='lat' dir='ltr'><strong>aune</strong></span> <span class='ocrx_word' id='word_1_98' title='bbox 543 1107 665 1164; x_wconf 76' lang='lat' dir='ltr'><strong>prietinae</strong></span> <span class='ocrx_word' id='word_1_99' title='bbox 675 1107 828 1168; x_wconf 68' lang='lat' dir='ltr'><strong>integritati,</strong></span> <span class='ocrx_word' id='word_1_100' title='bbox 839 1121 868 1154; x_wconf 89' lang='lat' dir='ltr'><strong>ac</strong></span> <span class='ocrx_word' id='word_1_101' title='bbox 878 1107 994 1167; x_wconf 79' lang='lat' dir='ltr'><strong>puritati,</strong></span> <span class='ocrx_word' id='word_1_102' title='bbox 1006 1107 1076 1165; x_wconf 85' lang='lat' dir='ltr'><strong>qnord</strong></span> 
     </span>
     <span class='ocr_line' id='line_1_13' title="bbox 126 1181 1075 1250; baseline -0.002 -12"><span class='ocrx_word' id='word_1_103' title='bbox 126 1181 127 1186; x_wconf 33' lang='lat'>¹</span> <span class='ocrx_word' id='word_1_104' title='bbox 152 1194 207 1249; x_wconf 73' lang='lat' dir='ltr'><strong>ejus</strong></span> <span class='ocrx_word' id='word_1_105' title='bbox 218 1192 272 1238; x_wconf 88' lang='lat' dir='ltr'><strong>fieri</strong></span> <span class='ocrx_word' id='word_1_106' title='bbox 281 1192 376 1250; x_wconf 84' lang='lat' dir='ltr'><strong>potuit,</strong></span> <span class='ocrx_word' id='word_1_107' title='bbox 391 1191 540 1247; x_wconf 87' lang='lat' dir='ltr'><strong>rertituere;</strong></span> <span class='ocrx_word' id='word_1_108' title='bbox 559 1203 637 1246; x_wconf 82' lang='lat' dir='ltr'><strong>enque</strong></span> <span class='ocrx_word' id='word_1_109' title='bbox 647 1191 778 1250; x_wconf 71' lang='lat' dir='ltr'><strong>restitute,</strong></span> <span class='ocrx_word' id='word_1_110' title='bbox 793 1193 903 1249; x_wconf 76' lang='lat' dir='ltr'><strong>utquam</strong></span> <span class='ocrx_word' id='word_1_111' title='bbox 913 1191 1075 1238; x_wconf 87' lang='lat' dir='ltr'><strong>emendatini-</strong></span> 
     </span>
     <span class='ocr_line' id='line_1_14' title="bbox 151 1273 1096 1354; baseline -0.004 -32"><span class='ocrx_word' id='word_1_112' title='bbox 151 1291 192 1322; x_wconf 88' lang='lat' dir='ltr'><strong>me</strong></span> <span class='ocrx_word' id='word_1_113' title='bbox 210 1275 395 1334; x_wconf 78' lang='lat' dir='ltr'><strong>imprimeretur</strong></span> <span class='ocrx_word' id='word_1_114' title='bbox 412 1276 487 1332; x_wconf 81' lang='lat' dir='ltr'><strong>juxte</strong></span> <span class='ocrx_word' id='word_1_115' title='bbox 502 1273 605 1320; x_wconf 76' lang='lat' dir='ltr'><strong>concilii</strong></span> <span class='ocrx_word' id='word_1_116' title='bbox 620 1275 776 1320; x_wconf 73' lang='lat' dir='ltr'><strong>oecumenici</strong></span> <span class='ocrx_word' id='word_1_117' title='bbox 791 1274 917 1320; x_wconf 88' lang='lat' dir='ltr'><strong>decretum</strong></span> <span class='ocrx_word' id='word_1_118' title='bbox 930 1286 977 1330; x_wconf 85' lang='lat' dir='ltr'><strong>pro</strong></span> <span class='ocrx_word' id='word_1_119' title='bbox 993 1274 1075 1320; x_wconf 84' lang='lat' dir='ltr'><strong>virihnr</strong></span> <span class='ocrx_word' id='word_1_120' title='bbox 1095 1317 1096 1354; x_wconf 45' lang='lat'><strong>,</strong></span> 
     </span>
     <span class='ocr_line' id='line_1_15' title="bbox 155 1356 1096 1417; baseline -0.004 -11"><span class='ocrx_word' id='word_1_121' title='bbox 155 1372 258 1417; x_wconf 84' lang='lat' dir='ltr'><strong>operam</strong></span> <span class='ocrx_word' id='word_1_122' title='bbox 271 1358 339 1404; x_wconf 79' lang='lat' dir='ltr'><strong>dere.</strong></span> <span class='ocrx_word' id='word_1_123' title='bbox 373 1359 455 1403; x_wconf 89' lang='lat' dir='ltr'><strong>Porro</strong></span> <span class='ocrx_word' id='word_1_124' title='bbox 470 1357 497 1402; x_wconf 93' lang='lat' dir='ltr'><strong>in</strong></span> <span class='ocrx_word' id='word_1_125' title='bbox 511 1358 558 1403; x_wconf 88' lang='lat' dir='ltr'><strong>hae</strong></span> <span class='ocrx_word' id='word_1_126' title='bbox 573 1356 685 1405; x_wconf 86' lang='lat' dir='ltr'><strong>editione</strong></span> <span class='ocrx_word' id='word_1_127' title='bbox 699 1358 764 1403; x_wconf 89' lang='lat' dir='ltr'><strong>nihil</strong></span> <span class='ocrx_word' id='word_1_128' title='bbox 775 1371 827 1403; x_wconf 93' lang='lat' dir='ltr'><strong>non</strong></span> <span class='ocrx_word' id='word_1_129' title='bbox 843 1357 1006 1417; x_wconf 87' lang='lat' dir='ltr'><strong>canonicum,</strong></span> <span class='ocrx_word' id='word_1_130' title='bbox 1024 1357 1076 1402; x_wconf 84' lang='lat' dir='ltr'><strong>nihil</strong></span> <span class='ocrx_word' id='word_1_131' title='bbox 1095 1357 1096 1366; x_wconf 59' lang='lat'>¹</span> 
     </span>
     <span class='ocr_line' id='line_1_16' title="bbox 152 1434 1077 1500; baseline -0.003 -12"><span class='ocrx_word' id='word_1_132' title='bbox 152 1442 315 1499; x_wconf 73' lang='lat' dir='ltr'><strong>adscititium,</strong></span> <span class='ocrx_word' id='word_1_133' title='bbox 330 1441 394 1486; x_wconf 89' lang='lat' dir='ltr'><strong>nihil</strong></span> <span class='ocrx_word' id='word_1_134' title='bbox 406 1445 567 1498; x_wconf 81' lang='lat' dir='ltr'><strong>extrnnerun,</strong></span> <span class='ocrx_word' id='word_1_135' title='bbox 581 1434 709 1500; x_wconf 69' lang='lat' dir='ltr'><strong>inponere</strong></span> <span class='ocrx_word' id='word_1_136' title='bbox 723 1441 806 1488; x_wconf 84' lang='lat' dir='ltr'><strong>virum</strong></span> <span class='ocrx_word' id='word_1_137' title='bbox 821 1444 871 1488; x_wconf 82' lang='lat' dir='ltr'><strong>ert:</strong></span> <span class='ocrx_word' id='word_1_138' title='bbox 890 1443 965 1498; x_wconf 85' lang='lat' dir='ltr'><strong>etque</strong></span> <span class='ocrx_word' id='word_1_139' title='bbox 975 1455 1005 1488; x_wconf 86' lang='lat' dir='ltr'><strong>ea</strong></span> <span class='ocrx_word' id='word_1_140' title='bbox 1015 1454 1077 1488; x_wconf 82' lang='lat' dir='ltr'><strong>canu</strong></span> 
     </span>
     <span class='ocr_line' id='line_1_17' title="bbox 153 1524 1076 1583; baseline 0 -13"><span class='ocrx_word' id='word_1_141' title='bbox 153 1525 215 1583; x_wconf 83' lang='lat' dir='ltr'><strong>fuit,</strong></span> <span class='ocrx_word' id='word_1_142' title='bbox 230 1537 275 1571; x_wconf 89' lang='lat' dir='ltr'><strong>cur</strong></span> <span class='ocrx_word' id='word_1_143' title='bbox 288 1524 352 1570; x_wconf 86' lang='lat' dir='ltr'><strong>iiber</strong></span> <span class='ocrx_word' id='word_1_144' title='bbox 367 1525 457 1570; x_wconf 73' lang='lat' dir='ltr'><strong>tertius</strong></span> <span class='ocrx_word' id='word_1_145' title='bbox 467 1526 492 1571; x_wconf 92' lang='lat' dir='ltr'><strong>et</strong></span> <span class='ocrx_word' id='word_1_146' title='bbox 502 1528 604 1581; x_wconf 80' lang='lat' dir='ltr'><strong>quartur</strong></span> <span class='ocrx_word' id='word_1_147' title='bbox 614 1525 711 1571; x_wconf 81' lang='lat' dir='ltr'><strong>Erdrae</strong></span> <span class='ocrx_word' id='word_1_148' title='bbox 721 1524 849 1583; x_wconf 71' lang='lat' dir='ltr'><strong>inscripti,</strong></span> <span class='ocrx_word' id='word_1_149' title='bbox 860 1538 923 1581; x_wconf 84' lang='lat' dir='ltr'><strong>quor</strong></span> <span class='ocrx_word' id='word_1_150' title='bbox 933 1525 1001 1572; x_wconf 87' lang='lat' dir='ltr'><strong>inter</strong></span> <span class='ocrx_word' id='word_1_151' title='bbox 1011 1539 1076 1572; x_wconf 87' lang='lat' dir='ltr'><strong>cano-</strong></span> 
     </span>
     <span class='ocr_line' id='line_1_18' title="bbox 153 1607 1078 1668; baseline -0.001 -14"><span class='ocrx_word' id='word_1_152' title='bbox 153 1609 225 1654; x_wconf 84' lang='lat' dir='ltr'><strong>nicor</strong></span> <span class='ocrx_word' id='word_1_153' title='bbox 235 1607 314 1654; x_wconf 82' lang='lat' dir='ltr'><strong>libror</strong></span> <span class='ocrx_word' id='word_1_154' title='bbox 324 1621 396 1654; x_wconf 80' lang='lat' dir='ltr'><strong>ruore</strong></span> <span class='ocrx_word' id='word_1_155' title='bbox 406 1608 556 1654; x_wconf 83' lang='lat' dir='ltr'><strong>Tridentino</strong></span> <span class='ocrx_word' id='word_1_156' title='bbox 565 1609 682 1668; x_wconf 80' lang='lat' dir='ltr'><strong>Synodur</strong></span> <span class='ocrx_word' id='word_1_157' title='bbox 692 1621 745 1654; x_wconf 91' lang='lat' dir='ltr'><strong>non</strong></span> <span class='ocrx_word' id='word_1_158' title='bbox 755 1609 939 1667; x_wconf 76' lang='lat' dir='ltr'><strong>annumeravit,</strong></span> <span class='ocrx_word' id='word_1_159' title='bbox 950 1609 1006 1666; x_wconf 79' lang='lat' dir='ltr'><strong>ipra</strong></span> <span class='ocrx_word' id='word_1_160' title='bbox 1016 1609 1078 1656; x_wconf 82' lang='lat' dir='ltr'><strong>etiam</strong></span> 
     </span>
     <span class='ocr_line' id='line_1_19' title="bbox 154 1692 1077 1751; baseline -0.001 -14"><span class='ocrx_word' id='word_1_161' title='bbox 154 1694 272 1738; x_wconf 75' lang='lat' dir='ltr'><strong>Memnone</strong></span> <span class='ocrx_word' id='word_1_162' title='bbox 281 1693 349 1749; x_wconf 72' lang='lat' dir='ltr'><strong>regie</strong></span> <span class='ocrx_word' id='word_1_163' title='bbox 359 1693 461 1750; x_wconf 76' lang='lat' dir='ltr'><strong>Oratio,</strong></span> <span class='ocrx_word' id='word_1_164' title='bbox 477 1707 541 1749; x_wconf 80' lang='lat' dir='ltr'><strong>quae</strong></span> <span class='ocrx_word' id='word_1_165' title='bbox 550 1707 631 1749; x_wconf 89' lang='lat' dir='ltr'><strong>neque</strong></span> <span class='ocrx_word' id='word_1_166' title='bbox 641 1693 777 1751; x_wconf 84' lang='lat' dir='ltr'><strong>Hebraiee,</strong></span> <span class='ocrx_word' id='word_1_167' title='bbox 792 1705 874 1748; x_wconf 91' lang='lat' dir='ltr'><strong>neque</strong></span> <span class='ocrx_word' id='word_1_168' title='bbox 884 1692 981 1738; x_wconf 80' lang='lat' dir='ltr'><strong>Graece</strong></span> <span class='ocrx_word' id='word_1_169' title='bbox 991 1693 1077 1749; x_wconf 86' lang='lat' dir='ltr'><strong>quiden</strong></span> 
     </span>
     <span class='ocr_line' id='line_1_20' title="bbox 155 1775 1097 1834; baseline -0.002 -14"><span class='ocrx_word' id='word_1_170' title='bbox 155 1780 237 1834; x_wconf 80' lang='lat' dir='ltr'><strong>extet,</strong></span> <span class='ocrx_word' id='word_1_171' title='bbox 253 1789 334 1832; x_wconf 88' lang='lat' dir='ltr'><strong>neque</strong></span> <span class='ocrx_word' id='word_1_172' title='bbox 348 1777 374 1822; x_wconf 92' lang='lat' dir='ltr'><strong>in</strong></span> <span class='ocrx_word' id='word_1_173' title='bbox 389 1777 566 1834; x_wconf 73' lang='lat' dir='ltr'><strong>manuscriptio</strong></span> <span class='ocrx_word' id='word_1_174' title='bbox 575 1776 759 1833; x_wconf 84' lang='lat' dir='ltr'><strong>antiquioribus</strong></span> <span class='ocrx_word' id='word_1_175' title='bbox 773 1775 916 1834; x_wconf 87' lang='lat' dir='ltr'><strong>invenitur,</strong></span> <span class='ocrx_word' id='word_1_176' title='bbox 933 1790 1017 1834; x_wconf 84' lang='lat' dir='ltr'><strong>neque</strong></span> <span class='ocrx_word' id='word_1_177' title='bbox 1031 1789 1077 1834; x_wconf 82' lang='lat' dir='ltr'><strong>pen</strong></span> <span class='ocrx_word' id='word_1_178' title='bbox 1096 1777 1097 1792; x_wconf 67' lang='lat'>¹</span> 
     </span>
     <span class='ocr_line' id='line_1_21' title="bbox 155 1859 1078 1919; baseline -0.003 -13"><span class='ocrx_word' id='word_1_179' title='bbox 155 1863 194 1906; x_wconf 84' lang='lat' dir='ltr'><strong>ert</strong></span> <span class='ocrx_word' id='word_1_180' title='bbox 208 1859 285 1906; x_wconf 74' lang='lat' dir='ltr'><strong>utrius</strong></span> <span class='ocrx_word' id='word_1_181' title='bbox 300 1861 416 1908; x_wconf 80' lang='lat' dir='ltr'><strong>canonici</strong></span> <span class='ocrx_word' id='word_1_182' title='bbox 431 1860 502 1919; x_wconf 89' lang='lat' dir='ltr'><strong>libri,</strong></span> <span class='ocrx_word' id='word_1_183' title='bbox 519 1863 592 1906; x_wconf 85' lang='lat' dir='ltr'><strong>extra</strong></span> <span class='ocrx_word' id='word_1_184' title='bbox 602 1860 740 1908; x_wconf 86' lang='lat' dir='ltr'><strong>canonicae</strong></span> <span class='ocrx_word' id='word_1_185' title='bbox 754 1860 894 1917; x_wconf 73' lang='lat' dir='ltr'><strong>scripturae</strong></span> <span class='ocrx_word' id='word_1_186' title='bbox 906 1861 997 1906; x_wconf 80' lang='lat' dir='ltr'><strong>reriem</strong></span> <span class='ocrx_word' id='word_1_187' title='bbox 1008 1862 1078 1918; x_wconf 79' lang='lat' dir='ltr'><strong>poritr</strong></span> 
     </span>
     <span class='ocr_line' id='line_1_22' title="bbox 154 1942 1077 2002; baseline 0 -12"><span class='ocrx_word' id='word_1_188' title='bbox 154 1945 216 1990; x_wconf 81' lang='lat' dir='ltr'><strong>rint:</strong></span> <span class='ocrx_word' id='word_1_189' title='bbox 236 1948 261 1990; x_wconf 87' lang='lat' dir='ltr'><strong>et</strong></span> <span class='ocrx_word' id='word_1_190' title='bbox 269 1945 355 1991; x_wconf 90' lang='lat' dir='ltr'><strong>nullae</strong></span> <span class='ocrx_word' id='word_1_191' title='bbox 369 1945 400 1990; x_wconf 80' lang='lat' dir='ltr'><strong>ed</strong></span> <span class='ocrx_word' id='word_1_192' title='bbox 414 1945 553 2002; x_wconf 74' lang='lat' dir='ltr'><strong>marginem</strong></span> <span class='ocrx_word' id='word_1_193' title='bbox 563 1943 760 1990; x_wconf 80' lang='lat' dir='ltr'><strong>concordantiae</strong></span> <span class='ocrx_word' id='word_1_194' title='bbox 771 1942 846 2002; x_wconf 86' lang='lat' dir='ltr'><strong>(quae</strong></span> <span class='ocrx_word' id='word_1_195' title='bbox 856 1945 962 2002; x_wconf 73' lang='lat' dir='ltr'><strong>posthac</strong></span> <span class='ocrx_word' id='word_1_196' title='bbox 972 1945 1035 1992; x_wconf 86' lang='lat' dir='ltr'><strong>inibi</strong></span> <span class='ocrx_word' id='word_1_197' title='bbox 1043 1957 1077 2000; x_wconf 78' lang='lat' dir='ltr'><strong>ep-</strong></span> 
     </span>
     <span class='ocr_line' id='line_1_23' title="bbox 153 2027 1077 2088; baseline -0.001 -15"><span class='ocrx_word' id='word_1_198' title='bbox 153 2029 276 2084; x_wconf 83' lang='lat' dir='ltr'><strong>peninon</strong></span> <span class='ocrx_word' id='word_1_199' title='bbox 285 2027 563 2087; x_wconf 81' lang='lat' dir='ltr'><strong>prohibentur),nullae</strong></span> <span class='ocrx_word' id='word_1_200' title='bbox 573 2030 658 2087; x_wconf 74' lang='lat' dir='ltr'><strong>notae,</strong></span> <span class='ocrx_word' id='word_1_201' title='bbox 669 2027 754 2074; x_wconf 86' lang='lat' dir='ltr'><strong>nullae</strong></span> <span class='ocrx_word' id='word_1_202' title='bbox 764 2028 850 2074; x_wconf 80' lang='lat' dir='ltr'><strong>vnriee</strong></span> <span class='ocrx_word' id='word_1_203' title='bbox 860 2028 994 2088; x_wconf 83' lang='lat' dir='ltr'><strong>lectioner,</strong></span> <span class='ocrx_word' id='word_1_204' title='bbox 1006 2028 1077 2074; x_wconf 80' lang='lat' dir='ltr'><strong>nudae</strong></span> 
     </span>
     <span class='ocr_line' id='line_1_24' title="bbox 153 2111 1076 2170; baseline -0.002 -14"><span class='ocrx_word' id='word_1_205' title='bbox 153 2113 260 2168; x_wconf 88' lang='lat' dir='ltr'><strong>deniqne</strong></span> <span class='ocrx_word' id='word_1_206' title='bbox 271 2113 455 2170; x_wconf 78' lang='lat' dir='ltr'><strong>praefationes,</strong></span> <span class='ocrx_word' id='word_1_207' title='bbox 474 2111 544 2157; x_wconf 78' lang='lat' dir='ltr'><strong>uuile</strong></span> <span class='ocrx_word' id='word_1_208' title='bbox 558 2114 706 2168; x_wconf 75' lang='lat' dir='ltr'><strong>argumenta</strong></span> <span class='ocrx_word' id='word_1_209' title='bbox 719 2111 751 2156; x_wconf 92' lang='lat' dir='ltr'><strong>ad</strong></span> <span class='ocrx_word' id='word_1_210' title='bbox 764 2111 888 2158; x_wconf 88' lang='lat' dir='ltr'><strong>librorum</strong></span> <span class='ocrx_word' id='word_1_211' title='bbox 903 2112 978 2158; x_wconf 88' lang='lat' dir='ltr'><strong>initia</strong></span> <span class='ocrx_word' id='word_1_212' title='bbox 987 2111 1076 2168; x_wconf 72' lang='lat' dir='ltr'><strong>conspi-</strong></span> 
     </span>
     <span class='ocr_line' id='line_1_25' title="bbox 154 2193 1076 2252; baseline -0.004 -11"><span class='ocrx_word' id='word_1_213' title='bbox 154 2195 260 2241; x_wconf 85' lang='lat' dir='ltr'><strong>ciantur.</strong></span> <span class='ocrx_word' id='word_1_214' title='bbox 296 2195 346 2241; x_wconf 85' lang='lat' dir='ltr'><strong>Sed</strong></span> <span class='ocrx_word' id='word_1_215' title='bbox 355 2195 420 2241; x_wconf 81' lang='lat' dir='ltr'><strong>sicut</strong></span> <span class='ocrx_word' id='word_1_216' title='bbox 428 2194 569 2252; x_wconf 83' lang='lat' dir='ltr'><strong>eportolice</strong></span> <span class='ocrx_word' id='word_1_217' title='bbox 578 2193 651 2240; x_wconf 76' lang='lat' dir='ltr'><strong>aeder</strong></span> <span class='ocrx_word' id='word_1_218' title='bbox 661 2194 810 2242; x_wconf 83' lang='lat' dir='ltr'><strong>indurtriam</strong></span> <span class='ocrx_word' id='word_1_219' title='bbox 819 2208 906 2241; x_wconf 88' lang='lat' dir='ltr'><strong>eorum</strong></span> <span class='ocrx_word' id='word_1_220' title='bbox 916 2209 971 2242; x_wconf 89' lang='lat' dir='ltr'><strong>non</strong></span> <span class='ocrx_word' id='word_1_221' title='bbox 981 2195 1076 2249; x_wconf 82' lang='lat' dir='ltr'><strong>demunt,</strong></span> 
     </span>
     <span class='ocr_line' id='line_1_26' title="bbox 153 2275 1077 2338; baseline -0.003 -15"><span class='ocrx_word' id='word_1_222' title='bbox 153 2278 196 2335; x_wconf 86' lang='lat' dir='ltr'><strong>qui</strong></span> <span class='ocrx_word' id='word_1_223' title='bbox 210 2277 403 2324; x_wconf 75' lang='lat' dir='ltr'><strong>concordantiae</strong></span> <span class='ocrx_word' id='word_1_224' title='bbox 418 2279 547 2336; x_wconf 86' lang='lat' dir='ltr'><strong>iocorum,</strong></span> <span class='ocrx_word' id='word_1_225' title='bbox 567 2278 650 2324; x_wconf 76' lang='lat' dir='ltr'><strong>verine</strong></span> <span class='ocrx_word' id='word_1_226' title='bbox 664 2277 802 2338; x_wconf 71' lang='lat' dir='ltr'><strong>lectiones,</strong></span> <span class='ocrx_word' id='word_1_227' title='bbox 822 2280 995 2336; x_wconf 72' lang='lat' dir='ltr'><strong>praefationes</strong></span> <span class='ocrx_word' id='word_1_228' title='bbox 1011 2275 1077 2324; x_wconf 78' lang='lat' dir='ltr'><strong>nancti</strong></span> 
     </span>
    </p>
   </div>
   <div class='ocr_carea' id='block_1_3' title="bbox 153 2359 1077 2419">
    <p class='ocr_par' dir='ltr' id='par_1_3' title="bbox 153 2359 1077 2419">
     <span class='ocr_line' id='line_1_27' title="bbox 153 2359 1077 2419; baseline -0.002 -13"><span class='ocrx_word' id='word_1_229' title='bbox 153 2360 317 2419; x_wconf 82' lang='lat' dir='ltr'><strong>Hieronymi,</strong></span> <span class='ocrx_word' id='word_1_230' title='bbox 337 2363 362 2406; x_wconf 91' lang='lat' dir='ltr'><strong>et</strong></span> <span class='ocrx_word' id='word_1_231' title='bbox 376 2360 425 2406; x_wconf 85' lang='lat' dir='ltr'><strong>alia</strong></span> <span class='ocrx_word' id='word_1_232' title='bbox 439 2360 465 2406; x_wconf 91' lang='lat' dir='ltr'><strong>id</strong></span> <span class='ocrx_word' id='word_1_233' title='bbox 479 2373 561 2418; x_wconf 77' lang='lat' dir='ltr'><strong>genoe</strong></span> <span class='ocrx_word' id='word_1_234' title='bbox 572 2361 603 2407; x_wconf 91' lang='lat' dir='ltr'><strong>in</strong></span> <span class='ocrx_word' id='word_1_235' title='bbox 614 2361 670 2408; x_wconf 82' lang='lat' dir='ltr'><strong>eliia</strong></span> <span class='ocrx_word' id='word_1_236' title='bbox 685 2363 836 2410; x_wconf 84' lang='lat' dir='ltr'><strong>editionibnr</strong></span> <span class='ocrx_word' id='word_1_237' title='bbox 856 2362 1032 2418; x_wconf 85' lang='lat' dir='ltr'><strong>inreruernnt;</strong></span> <span class='ocrx_word' id='word_1_238' title='bbox 1051 2359 1077 2404; x_wconf 82' lang='lat' dir='ltr'><strong>ita</strong></span> 
     </span>
    </p>
   </div>
   <div class='ocr_carea' id='block_1_4' title="bbox 52 2444 1077 2504">
    <p class='ocr_par' dir='ltr' id='par_1_4' title="bbox 52 2444 1077 2504">
     <span class='ocr_line' id='line_1_28' title="bbox 52 2444 1077 2504; baseline -0.002 -14"><span class='ocrx_word' id='word_1_239' title='bbox 52 2446 59 2459; x_wconf 92' lang='lat'>&#39;</span> <span class='ocrx_word' id='word_1_240' title='bbox 154 2457 254 2501; x_wconf 84' lang='lat' dir='ltr'><strong>quoque</strong></span> <span class='ocrx_word' id='word_1_241' title='bbox 268 2456 320 2488; x_wconf 93' lang='lat' dir='ltr'><strong>non</strong></span> <span class='ocrx_word' id='word_1_242' title='bbox 335 2444 462 2502; x_wconf 82' lang='lat' dir='ltr'><strong>prohibet,</strong></span> <span class='ocrx_word' id='word_1_243' title='bbox 482 2444 543 2500; x_wconf 92' lang='lat' dir='ltr'><strong>quin</strong></span> <span class='ocrx_word' id='word_1_244' title='bbox 553 2444 603 2491; x_wconf 87' lang='lat' dir='ltr'><strong>aliu</strong></span> <span class='ocrx_word' id='word_1_245' title='bbox 616 2459 710 2504; x_wconf 79' lang='lat' dir='ltr'><strong>genere</strong></span> <span class='ocrx_word' id='word_1_246' title='bbox 721 2447 872 2494; x_wconf 79' lang='lat' dir='ltr'><strong>characterio</strong></span> <span class='ocrx_word' id='word_1_247' title='bbox 882 2447 908 2492; x_wconf 92' lang='lat' dir='ltr'><strong>in</strong></span> <span class='ocrx_word' id='word_1_248' title='bbox 918 2446 965 2492; x_wconf 85' lang='lat' dir='ltr'><strong>hnc</strong></span> <span class='ocrx_word' id='word_1_249' title='bbox 975 2445 1077 2504; x_wconf 71' lang='lat' dir='ltr'><strong>ipsave·</strong></span> 
     </span>
    </p>
   </div>
   <div class='ocr_carea' id='block_1_5' title="bbox 154 2526 1077 2752">
    <p class='ocr_par' dir='ltr' id='par_1_5' title="bbox 154 2526 1077 2752">
     <span class='ocr_line' id='line_1_29' title="bbox 154 2526 1076 2586; baseline -0.005 -12"><span class='ocrx_word' id='word_1_250' title='bbox 154 2529 239 2574; x_wconf 74' lang='lat' dir='ltr'><strong>denna</strong></span> <span class='ocrx_word' id='word_1_251' title='bbox 249 2526 360 2572; x_wconf 91' lang='lat' dir='ltr'><strong>editione</strong></span> <span class='ocrx_word' id='word_1_252' title='bbox 370 2526 495 2582; x_wconf 77' lang='lat' dir='ltr'><strong>ejmmoui</strong></span> <span class='ocrx_word' id='word_1_253' title='bbox 509 2528 653 2584; x_wconf 73' lang='lat' dir='ltr'><strong>adjumenta</strong></span> <span class='ocrx_word' id='word_1_254' title='bbox 666 2542 713 2586; x_wconf 80' lang='lat' dir='ltr'><strong>pro</strong></span> <span class='ocrx_word' id='word_1_255' title='bbox 724 2529 893 2576; x_wconf 82' lang='lat' dir='ltr'><strong>atudiororum</strong></span> <span class='ocrx_word' id='word_1_256' title='bbox 904 2529 1076 2579; x_wconf 70' lang='lat' dir='ltr'><strong>commoditate,</strong></span> 
     </span>
     <span class='ocr_line' id='line_1_30' title="bbox 154 2609 1077 2672; baseline 0.002 -16"><span class='ocrx_word' id='word_1_257' title='bbox 154 2614 228 2668; x_wconf 87' lang='lat' dir='ltr'><strong>atque</strong></span> <span class='ocrx_word' id='word_1_258' title='bbox 243 2609 350 2656; x_wconf 78' lang='lat' dir='ltr'><strong>utilitate</strong></span> <span class='ocrx_word' id='word_1_259' title='bbox 363 2609 390 2654; x_wconf 94' lang='lat' dir='ltr'><strong>in</strong></span> <span class='ocrx_word' id='word_1_260' title='bbox 400 2613 528 2667; x_wconf 87' lang='lat' dir='ltr'><strong>porterum</strong></span> <span class='ocrx_word' id='word_1_261' title='bbox 543 2612 707 2669; x_wconf 62' lang='lat' dir='ltr'><strong>adjicientum</strong></span> <span class='ocrx_word' id='word_1_262' title='bbox 727 2613 761 2658; x_wconf 83' lang='lat' dir='ltr'><strong>ito</strong></span> <span class='ocrx_word' id='word_1_263' title='bbox 771 2617 863 2672; x_wconf 86' lang='lat' dir='ltr'><strong>tamen,</strong></span> <span class='ocrx_word' id='word_1_264' title='bbox 873 2617 901 2659; x_wconf 90' lang='lat' dir='ltr'><strong>ut</strong></span> <span class='ocrx_word' id='word_1_265' title='bbox 910 2613 1032 2660; x_wconf 86' lang='lat' dir='ltr'><strong>lectioner</strong></span> <span class='ocrx_word' id='word_1_266' title='bbox 1042 2622 1077 2654; x_wconf 70' lang='lat' dir='ltr'><strong>ru·</strong></span> 
     </span>
     <span class='ocr_line' id='line_1_31' title="bbox 154 2692 864 2752; baseline 0.001 -12"><span class='ocrx_word' id='word_1_267' title='bbox 154 2695 208 2740; x_wconf 86' lang='lat' dir='ltr'><strong>rine</strong></span> <span class='ocrx_word' id='word_1_268' title='bbox 219 2693 250 2740; x_wconf 83' lang='lat' dir='ltr'><strong>nd</strong></span> <span class='ocrx_word' id='word_1_269' title='bbox 259 2692 398 2752; x_wconf 82' lang='lat' dir='ltr'><strong>marginem</strong></span> <span class='ocrx_word' id='word_1_270' title='bbox 407 2693 486 2751; x_wconf 84' lang='lat' dir='ltr'><strong>ipriua</strong></span> <span class='ocrx_word' id='word_1_271' title='bbox 497 2697 581 2741; x_wconf 82' lang='lat' dir='ltr'><strong>textor</strong></span> <span class='ocrx_word' id='word_1_272' title='bbox 591 2695 693 2741; x_wconf 89' lang='lat' dir='ltr'><strong>minime</strong></span> <span class='ocrx_word' id='word_1_273' title='bbox 703 2700 864 2744; x_wconf 72' lang='lat' dir='ltr'><strong>annotentur.</strong></span> 
     </span>
    </p>
   </div>
   <div class='ocr_carea' id='block_1_6' title="bbox 534 2925 705 2961">
    <p class='ocr_par' dir='ltr' id='par_1_6' title="bbox 534 2925 705 2961">
     <span class='ocr_line' id='line_1_32' title="bbox 534 2925 705 2961; baseline 0.006 -7"><span class='ocrx_word' id='word_1_274' title='bbox 534 2925 705 2961; x_wconf 44' lang='lat' dir='ltr'><strong>«e...-</strong></span> 
     </span>
    </p>
   </div>
   <div class='ocr_carea' id='block_1_7' title="bbox 0 0 1111 3880">
    <p class='ocr_par' dir='ltr' id='par_1_7' title="bbox 0 0 1111 3880">
     <span class='ocr_line' id='line_1_33' title="bbox 0 0 1111 3880; baseline 0 0"><span class='ocrx_word' id='word_1_275' title='bbox 0 0 1111 3880; x_wconf 95' lang='lat' dir='ltr'><strong> </strong></span> 
     </span>
    </p>
   </div>
  </div>
 </body>
</html>
