2206 3880
231 100 750 150 conmuNTArtotssaofflcs.
834 101 836 116 ”
927 104 963 148 tx

21 231 53 286 'el
69 234 164 287 enim
177 233 272 307 prima
284 231 331 288 vel
344 232 447 288 ultima
459 232 530 288 folia
541 235 573 288 in
585 232 794 308 antiquioribus
809 236 963 292 volumini-

21 335 51 370 us
77 315 192 371 deesse
211 315 319 386 solent,
346 315 377 368 in
398 315 462 370 aliis
479 315 562 372 libris
579 317 716 392 quaedam
735 336 750 372 e
769 318 863 374 medio
881 326 964 374 textu

21 399 175 454 eries-unt.
220 396 278 452 Alii
292 395 405 453 codices
418 399 518 474 graeci
532 399 593 454 sola
606 401 772 475 evangelia,
791 401 842 455 alii
857 402 963 473 episto·

21 499 44 536 ts
67 501 145 537 cum
166 479 249 536 Actis
263 481 447 554 apostolicis,
470 483 576 538 ornissa
588 481 778 558 Apocalypsi,
800 484 963 553 continent3

21 566 138 620 ariores
157 572 236 634 sunt,
250 565 405 638 quitatum
419 561 454 619 N.
469 562 504 620 T.
518 567 707 638 perscriptum
721 563 834 621 habeut.
868 563 908 620 Et
919 575 964 620 ta-

21 667 60 702 em
75 647 215 723 quidem,
230 648 281 722 qui
294 648 428 702 universa
440 644 534 702 Biblia
547 647 581 703 V.
596 657 626 702 et
639 646 674 702 N.
689 646 724 702 Τ.
738 657 836 704 teneat
850 666 964 724 graece,

23 739 126 786 raeter
144 729 276 786 codicem
289 727 382 786 Musei
394 727 575 802 Britannici,
597 733 646 806 qui
659 733 744 786 litera
757 730 782 785 A
796 731 869 805 apud
884 733 964 786 criti-

23 833 55 867 os
76 813 156 869 inde
180 831 199 868 a
223 811 415 869 Gricsbccbio
437 822 569 884 notatur,
596 821 625 868 ct
647 813 774 870 codicem
792 811 965 870 Vaticanum

21 898 214 952 lenissimum
226 913 272 951 uo.
289 895 387 966 1209,
402 898 452 970 qui
465 897 549 952 litera
561 895 584 950 B
597 897 742 973 designari
756 898 840 968 solet,
854 898 964 952 nullum

21 982 75 1034 lori
90 979 216 1035 librum.
252 976 326 1032 Nam
337 980 468 1034 recensio
484 979 592 1036 codicis
606 977 760 1053 Ephracmi
774 977 843 1055 Syri
857 981 963 1036 rescri-

21 1065 47 1116 ti
66 1064 164 1118 litera
180 1059 203 1116 C
217 1062 355 1136 insignis,
372 1059 466 1137 Regia
478 1061 625 1133 Parisino,
647 1061 817 1138 fragmentis
839 1071 962 1132 constat,

21 1145 174 1200 [ilficulter
187 1143 398 1199 resarcinandis
413 1153 442 1200 ct
457 1145 636 1222 colligendis,
650 1145 726 1220 quod
738 1147 810 1219 ipse,
826 1164 891 1200 cum
903 1143 959 1202 Pa-

21 1230 84 1282 isiis
100 1245 263 1304 aggressus
276 1245 368 1282 essem
380 1227 516 1301 laborem,
529 1248 593 1288 suro
606 1237 750 1302 expertus.
766 1257 802 1270 -

69 1309 120 1366 De
147 1319 248 1368 nostro
272 1309 345 1365 libro
370 1310 504 1368 disseruit
526 1309 660 1368 Bnrsmnr
689 1313 708 1366 l¹
730 1330 754 1366 c.
778 1319 963 1385 posteaquam

21 1404 76 1448 inte
96 1394 145 1450 bis
165 1393 201 1448 de
222 1409 256 1448 ea
273 1411 304 1448 re
319 1393 446 1464 dixerat,
470 1396 594 1468 priunum
611 1395 642 1450 iu
661 1393 791 1450 Novellis
811 1391 962 1450 Literariis

21 1474 194 1532 ilorentinis
209 1495 234 1530 a.
245 1473 536 1548 MDcctxxxvt,
550 1487 612 1533 tum
625 1480 656 1532 in
670 1477 736 1534 diss.
749 1478 848 1532 italica
862 1478 963 1552 lingua

21 1559 415 1634 :onscripta,Venetiistypis
425 1554 598 1616 sebastiani
608 1558 703 1616 Golcti
715 1561 864 1634 impressa,
878 1577 963 1635 quam

21 1660 109 1698 amen
122 1644 245 1698 minime
261 1641 396 1698 credibile
410 1651 468 1713 cst,
482 1645 514 1698 in
526 1645 681 1700 multorum
694 1661 795 1698 manus
808 1644 931 1698 venisse.

76 1723 179 1782 Codex
191 1724 424 1782 membranaceus
439 1734 498 1796 est,
516 1725 609 1782 forma
622 1727 765 1796 maxima,
788 1726 859 1782 forti
871 1734 962 1780 mate-

21 1810 74 1878 ria,
98 1817 237 1864 constans
257 1807 335 1863 foliis
354 1810 468 1883 scriptis
491 1828 528 1864 ex
547 1827 604 1865 una
617 1818 698 1883 parte
711 1809 869 1864 numeratis
883 1809 962 1864 mille

21 1892 150 1966 triginta,
166 1893 346 1966 scriptumque
358 1893 579 1967 elegantissime.
621 1891 794 1948 Probabitur
808 1893 902 1946 causis
915 1909 962 1945 ar-

21 1977 219 2050 gumentisque
236 1974 362 2042 idoneis,
381 1982 531 2030 exaratum
550 1995 613 2031 esse
632 1993 697 2032 eum
714 1973 830 2030 sacculo
842 1991 876 2050 p.
892 1970 961 2028 cta.

21 2067 111 2122 serto,
134 2057 291 2130 majoribus
310 2075 332 2112 s.
354 2057 515 2113 uncialibus
540 2060 633 2114 literis
654 2055 811 2128 Romanis,
833 2066 962 2130 tempore

22 2135 163 2216 Gregorii
174 2135 281 2215 Magni
298 2139 445 2214 pontificis
459 2137 601 2214 Romani,
621 2159 709 2198 manu
726 2142 774 2196 vel
787 2141 962 2195 auctoritate

21 2217 179 2277 Stnvnnnt
193 2221 320 2294 abbatis,
338 2223 414 2280 binis
430 2225 588 2296 columnis,
606 2225 643 2282 ad
657 2222 871 2281 stichometriae
886 2223 961 2278 anti-

21 2306 125 2375 quioris
139 2323 286 2378 normam,
308 2306 459 2382 diligentia
477 2307 647 2364 admirabili.
691 2305 859 2382 Supprcssis
872 2303 960 2360 Emu-

21 2387 76 2442 riae
91 2389 253 2459 coenobiis,
272 2391 303 2444 in
315 2387 361 2444 bis
375 2394 553 2448 monasterio
571 2393 677 2448 montis
692 2387 832 2446 Aoniotoe
848 2385 961 2444 Cister-

22 2470 123 2540 riensi,
147 2473 278 2528 venitin
296 2471 500 2528 bibliothecam
518 2471 756 2543 Laurentianam,
777 2475 860 2546 jussu
877 2468 964 2526 Petri

22 2547 163 2629 leopoldi,
177 2553 278 2630 Magni
290 2552 426 2611 Etruriae
434 2553 536 2624 Ducis,
550 2566 650 2630 postea
665 2558 755 2612 creati
767 2552 962 2610 Romanorum

22 2630 199 2708 imperatoris
213 2656 324 2711 semper
335 2637 473 2714 Augusti,
492 2641 604 2696 meritis
622 2639 801 2695 immortalis.
843 2633 961 2690 Postea-

23 2733 101 2789 quam
114 2739 189 2776 saec.
203 2717 285 2775 XVI.
295 2729 419 2776 exeunte
432 2723 468 2778 ad
483 2723 637 2778 editionem
651 2721 798 2778 Sixtinam
811 2717 961 2792 perficien-

23 2798 82 2856 dam
97 2801 221 2860 Romam
238 2805 399 2878 postulatus
417 2807 577 2881 missusque
601 2806 711 2874 fuerat,
738 2803 788 2858 diu
812 2801 961 2876 neglectus

22 2884 107 2952 jacuit
124 2906 176 2961 per
195 2887 249 2942 duo
268 2887 358 2942 ferme
381 2890 504 2944 saecula.
547 2887 618 2944 Rari
644 2889 721 2942 enim
742 2894 804 2940 turn
824 2884 961 2957 temporis

25 2961 146 3026 homines
168 2978 267 3040 erant,
292 2972 386 3046 quiin
402 2971 548 3026 coenobiis
563 2971 676 3026 laudern
691 2969 862 3026 eruditionis
876 2985 961 3039 appe·

26 3057 129 3124 terent,
155 3064 184 3109 et
197 3055 275 3109 inter
290 3056 382 3109 otium
402 3055 494 3109 literis
514 3073 630 3128 operam
646 3061 801 3122 navarent,
824 3049 961 3105 laudabili

27 3138 146 3210 exemplo
164 3141 323 3211 majorum,
342 3135 530 3192 bibliothecas
547 3139 753 3194 cumulantiurn
771 3151 830 3189 non
843 3141 960 3188 ornatus

29 3231 104 3274 tonsa
122 3220 158 3276 ad
179 3221 332 3296 gloriolam
356 3217 430 3294 apud
447 3217 678 3296 peregrinatores
698 3221 826 3274 curiosos
845 3223 961 3287 captan-

30 3294 93 3372 dam,
107 3301 156 3358 scd
170 3303 320 3362 doctrinae
334 3301 551 3376 amplificandae
566 3305 672 3380 gratia,
687 3311 716 3358 et
728 3301 765 3357 ad
778 3300 877 3366 libros,
891 3297 961 3350 soli-

30 3378 73 3436 dae
94 3385 241 3442 doctrinae
264 3394 370 3456 testes,
396 3385 626 3444 conscribendos.
669 3384 740 3442 Erat
757 3380 962 3438 monasterium
