2206 3880
113 123 147 168 Ἦ
322 118 594 165 ΟΟΜΜΕΝΤΔΤΙΟ
622 121 829 166 manuales.

115 253 200 328 longo
215 261 342 326 tempore
354 249 540 306 meditaretur
561 251 808 321 conscribendam,
825 252 976 326 miritaque
991 256 1084 306 'stu-

115 335 161 389 dia
175 336 206 390 in
219 332 274 390 hoc
287 351 393 411 genere
407 333 553 388 doctrinae
568 336 785 406 consumsisset,
800 335 908 408 primus
921 332 1001 388 mihi
1021 336 1083 388 in-

116 417 237 489 dicavit,
262 417 539 492 praestantissimum
561 425 589 472 et
611 419 840 492 antiquissimum
862 419 906 472 rei
933 418 1082 472 criticae

116 501 273 558 subsidium
292 500 328 557 ad
344 498 549 556 emendandum
567 502 764 558 translationis
783 501 889 556 latinae
906 496 1081 574 Hierony-

115 585 228 639 mianae
240 592 352 640 textum
364 585 396 638 in
409 580 582 638 bibliotheca
595 579 790 640 hermantiam
803 585 922 639 servari.
966 580 1079 638 Parui

116 685 169 744 ego
184 667 283 722 lubens
298 675 327 720 et
339 673 437 742 gratus
449 663 494 720 his
507 666 632 722 nutibus.
659 665 733 722 Nam
743 684 828 744 quum
837 665 972 720 redeunti
984 665 1077 721 mihi

116 767 153 804 ex
161 746 245 807 Italia
259 748 396 804 inferiore
409 749 531 804 alterum
539 747 696 812 Florentiis
709 749 885 806 domicilium
897 748 1075 823 perplures

115 833 287 906 septimanas
302 833 442 889 collocare
455 833 600 902 licuisset,
621 833 710 888 alacri
729 832 823 888 studio
844 833 1000 905 animoque
1028 833 1072 886 li-

115 914 197 970 brum
215 917 351 990 quaesivi.
392 912 582 970 Fasucrscus
603 929 662 972 nnn
682 913 796 986 Funis,
813 912 1071 970 bibliothecarius

114 994 238 1073 Regius,
252 1000 298 1054 vir
313 999 468 1074 egregius,
476 999 507 1052 in
520 1017 576 1073 quo
588 1015 640 1073 par
653 1007 698 1054 est
710 999 865 1054 eruditioni
877 995 1069 1068 humanitas,

114 1081 245 1152 precibus
264 1083 335 1136 meis
351 1079 439 1136 facile
455 1079 570 1152 adnuit,
594 1081 708 1156 adjutus
727 1091 756 1137 et
780 1081 943 1138 sublevatus
969 1084 1069 1154 gravi

115 1163 358 1220 commendatione
373 1161 595 1220 Generosissimi
609 1161 729 1220 Comitis
748 1174 778 1220 et
791 1162 905 1239 Equitis
919 1159 1065 1218 Jcsnrrrr

113 1264 132 1300 a
148 1243 405 1317 Scaenicorscfl,
418 1244 508 1322 Regis
521 1244 710 1304 Berustorum
721 1245 939 1322 apudEtruscos
948 1242 1065 1322 Legati

112 1330 248 1401 illustris,
268 1331 303 1385 ab
321 1329 507 1386 interioribus
528 1327 681 1401 Consiliis,
703 1335 784 1405 cujus
803 1331 834 1384 in
852 1348 898 1384 me
910 1327 1064 1402 hospitem

113 1413 313 1468 benevolentia
327 1412 361 1468 ab
376 1415 454 1468 omni
466 1421 547 1485 parte
560 1422 641 1468 tauta
653 1413 724 1486 fuit,
744 1423 778 1470 ut
796 1413 884 1488 digna
897 1411 981 1466 larrde
995 1430 1063 1467 non

113 1497 219 1568 possim
230 1495 404 1569 praedicare.
447 1491 491 1550 lta
504 1515 568 1552 sum
581 1496 715 1571 adeptus,
736 1505 783 1568 ut,
798 1495 873 1571 quod
884 1497 1063 1570 peregrina-

112 1578 222 1634 torihus
240 1579 388 1643 literarum
409 1579 566 1636 cultoribus
588 1581 707 1635 minime
724 1579 854 1637 omnibus
875 1577 1062 1649 conceditur,

114 1662 256 1718 rarissimi
268 1669 406 1736 tantoque
419 1662 483 1716 loco
497 1661 589 1718 habiti
597 1660 710 1718 Codicis
724 1682 791 1718 usus
806 1662 967 1718 liberrimus
981 1659 1062 1716 mihi

114 1761 172 1799 non
185 1753 349 1820 negaretur.
392 1741 488 1799 Tanta
501 1743 674 1801 liberalitate
688 1745 817 1819 adjutus,
838 1745 946 1800 contuli
958 1747 1061 1799 maxi-

113 1845 188 1882 mam
199 1835 309 1901 partem
322 1825 358 1882 N.
373 1824 408 1882 T.
424 1845 461 1882 ex
474 1827 547 1883 libro
561 1827 616 1883 hoc
628 1846 714 1884 rnanu
727 1831 833 1902 scripto
848 1827 884 1882 ad
897 1825 1060 1881 editionem

111 1911 277 1984 impressam
296 1909 459 1984 probatam,
481 1919 509 1966 et
527 1911 602 1986 quod
619 1913 755 1985 temporis
767 1929 819 1985 per
835 1911 913 1986 leges
926 1909 1010 1981 licuit
1024 1911 1060 1963 in

112 1991 292 2050 Bibliotheca
308 1995 431 2064 morari,
451 1993 481 2049 id
498 2011 582 2049 omne
600 1993 692 2049 labori
708 2012 771 2048 nreo
796 1995 924 2048 intentus
943 1995 1057 2068 peregi.

114 2073 199 2152 Elegi
214 2079 300 2132 etiam
312 2077 417 2132 librum
431 2075 465 2130 V.
481 2074 516 2131 T.
531 2075 733 2152 apocryphum,
749 2078 827 2151 quia
844 2071 934 2131 Tobic
948 2091 1058 2130 nomeu

113 2161 204 2235 gerit,
226 2168 255 2213 et
277 2178 341 2214 cum
360 2166 443 2213 textu
462 2161 537 2233 typis
555 2161 692 2232 impresso
712 2159 867 2235 diligenter
881 2160 1058 2230 comparari.

113 2252 146 2298 ut
165 2243 329 2315 speciminis
351 2241 414 2296 loco
430 2249 505 2296 esset
517 2240 622 2296 indolis
638 2243 756 2296 criticae
772 2239 886 2297 Codicis
900 2241 931 2294 in
946 2257 1058 2294 canone

113 2323 147 2378 V.
164 2323 198 2380 T.
242 2323 334 2388 Quam
348 2323 495 2396 cupiebam
509 2325 595 2378 etiam
608 2324 696 2379 libros
709 2323 744 2379 V.
760 2322 795 2379 T.
806 2325 932 2398 reliquos
946 2323 1057 2377 latinae

112 2407 309 2462 translationis
333 2406 460 2460 examini
480 2407 582 2462 critico
597 2406 633 2462 ad
645 2424 775 2463 normam
788 2408 875 2462 talem
891 2406 1056 2462 vetustissi-

112 2507 189 2545 mam
203 2485 381 2544 submittere!
418 2486 477 2544 Sed
489 2489 630 2564 urgebant
643 2492 780 2564 temporis
794 2490 953 2566 angustiae.
994 2485 1055 2542 Vo—
1089 2481 1090 2490 ’

116 2573 218 2628 cabant
232 2571 267 2628 ad
281 2571 337 2627 alia
352 2571 446 2626 studia
459 2569 668 2644 Mediolanum,
687 2571 835 2648 Augustae
850 2569 1055 2640 Taurinorum,

114 2653 302 2732 Lugdunum,
324 2651 453 2710 Parisiae
467 2651 665 2726 Lutatiorum,
682 2655 804 2712 vocabat
821 2655 942 2730 denique
961 2654 1056 2726 patria

116 2739 164 2794 diu
176 2739 330 2795 absentem.
371 2737 466 2802 Quare
479 2745 523 2794 tot
535 2737 654 2794 vocibus
667 2738 920 2814 obtemperandum
933 2736 1054 2792 arbitra-

114 2829 176 2890 tur,
199 2823 302 2876 relicto
321 2820 433 2891 labore,
461 2823 588 2877 sarcinas
606 2839 684 2878 meas
705 2823 826 2898 collegi,
852 2819 1053 2893 discedensque

114 2903 220 2960 tradidi
232 2903 405 2978 perficienda
418 2923 490 2979 quae
502 2914 670 2979 supererant
682 2907 793 2975 amico,
812 2923 897 2980 quem
907 2900 1052 2957 Bononiae

115 2995 267 3063 aegrotans
286 2991 410 3061 primum
430 2990 553 3066 cognovi
568 2996 598 3043 et
610 3006 707 3044 amare
722 2988 827 3059 didici,
845 2985 916 3043 Rev.
932 2983 962 3040 S.
974 2981 1051 3039 Fau-

114 3083 180 3126 mali
196 3067 319 3140 anvm,
341 3069 423 3126 verbi
441 3071 533 3128 divini
549 3072 682 3128 ministro
695 3072 770 3146 apud
782 3071 892 3126 incolas
906 3067 1049 3124 Americae

115 3153 364 3228 septentrionalis,
388 3151 523 3229 theologo
541 3173 609 3210 vere
629 3156 812 3232 evangelico,
836 3153 886 3228 qui
906 3153 1049 3207 literarum

117 3250 202 3292 causa
216 3243 245 3290 et
258 3235 294 3290 ad
306 3236 473 3292 imbuendos
487 3237 600 3292 liberali
614 3237 784 3294 educatione
800 3236 906 3291 liberos
919 3234 987 3289 bene
1000 3249 1048 3286 na-

114 3319 160 3374 tos
174 3337 308 3396 magnam
320 3315 453 3393 Europae
466 3329 576 3394 partem
589 3322 755 3395 peragravit
771 3321 924 3394 pluresque
940 3333 988 3390 per
1000 3332 1049 3368 an·

115 3419 167 3458 nos
177 3400 290 3458 ltaliam
303 3400 455 3474 habitavit,
468 3421 545 3458 nuuc
559 3410 654 3458 antem
666 3402 758 3460 redux
770 3405 801 3458 iu
814 3401 935 3474 patriam
948 3399 1048 3456 saluta-
