2206 3880
234 134 343 180 suri
367 133 504 186 tumul
527 135 751 184 futurarm.
889 139 957 186 xiv

9 266 81 325 certi,
96 263 165 312 nibil
172 263 238 323 rati,
254 263 371 323 acdrmi,
385 263 457 310 nulle
466 264 576 323 denique
585 266 741 314 inviolabilia
751 269 889 316 auctoritae
899 271 955 316 aine

8 363 100 408 magna
110 347 263 396 difficultate
272 346 383 406 repetiti
392 360 468 405 poree
478 349 617 410 rideretur,
627 351 663 397 ita
672 353 700 397 ut
709 351 758 398 hoc
768 353 871 400 eaecnlo
882 353 955 402 rolde

8 433 146 480 timendum
160 431 253 491 inerit,
272 444 306 478 ne
320 431 348 477 in
361 431 472 489 priacum
486 432 550 480 illud
564 433 704 482 editionum
714 435 796 482 Chaon
805 436 954 497 rediremue,

8 519 35 564 de
45 531 96 575 quo
110 521 136 566 b.
147 515 323 574 Hieronymo·
333 514 415 572 inquit
423 515 461 576 ⁶):
479 517 664 574 ApudLutinoe
674 521 713 566 tot
722 521 781 566 runt
790 519 955 580 exemplaria,

9 605 67 660 quot
77 599 204 646 codicee:
223 601 249 645 et
258 599 429 656 unuaquiaque
439 612 488 658 pro
497 599 604 648 arbitrio
615 615 662 650 eoo
673 603 782 663 addidit,
798 603 840 650 rel
852 607 954 652 eubtra·

8 686 57 744 xit,
67 683 139 742 quod
150 683 177 730 ei
187 682 269 729 riuum
278 684 332 740 eru,-
349 684 375 730 et
383 683 470 741 utique
479 697 534 730 non
543 688 628 743 potent
637 700 726 733 verum
739 701 809 748 eure,
824 687 891 746 quod
902 689 954 734 dir-

8 771 87 816 ronat.
123 767 268 824 Itidemque
282 768 383 814 eauctur
394 769 551 827 Augustinus
560 762 583 828 ὁ)
599 769 678 830 dixit,
693 769 800 819 Latinos
814 773 953 831 acriptura-

8 867 59 900 rum
72 853 233 909 interpreter
247 849 319 896 nullu
329 850 405 897 modo
415 853 546 898 numerari
555 866 640 910 poree.
675 854 708 899 Ut
717 856 784 902 enim
794 855 852 916 (ait)
864 856 954 916 cuique

9 937 93 994 primia
103 935 168 982 fidei
181 935 339 993 temporibus
347 935 375 980 in
385 947 474 982 manue
484 936 555 982 venit
565 936 653 984 codex
663 937 787 998 Graecus,
802 941 829 987 et
837 939 953 998 aliquau-
1002 949 1005 958 ’

9 1020 83 1066 tulum
93 1018 227 1066 facultati·
239 1018 338 1066 tibimet
347 1019 477 1078 utriunque
492 1019 596 1079 linguae
607 1021 700 1068 babere
711 1023 842 1070 videbatur
848 1054 856 1084 ‚
871 1024 953 1072 inter·

9 1105 101 1162 pretari
114 1115 195 1150 auena
210 1105 256 1150 eet.
292 1102 376 1156 Quare
386 1103 445 1151 huic
454 1107 544 1151 morbo
556 1108 719 1152 eaororaucta
725 1107 875 1154 Tridentiua
884 1110 952 1168 Syn-

10 1189 66 1234 odna
75 1185 98 1250 ο)
106 1187 209 1235 mederi
218 1185 323 1245 cupient
333 1189 434 1234 atatuit:
449 1191 477 1234 ut
487 1201 522 1235 ex
531 1189 656 1250 omuibna,
666 1201 730 1247 quae
740 1191 952 1239 circumferuntur

10 1286 137 1320 carrorum
158 1271 282 1319 librorum
299 1269 398 1316 Latini·
417 1270 582 1332 editionibus,
602 1271 658 1331 ipra
674 1272 765 1328 vetur,
784 1285 814 1319 ao
833 1274 951 1336 Vulgata,

11 1370 68 1414 quae
81 1356 168 1415 longo
181 1357 221 1402 tot
234 1353 394 1402 eaeculorum
406 1367 455 1400 neu
468 1355 495 1401 in
509 1355 626 1404 Eccleaia
642 1357 748 1416 probata
762 1358 801 1404 ert
813 1357 906 1418 editio,
924 1359 952 1406 iu

9 1441 111 1499 publicio
122 1438 292 1498 lectionibue,
308 1437 531 1500 disputationibnr,
548 1441 793 1500 praedicationibue,
811 1443 837 1487 et
847 1442 952 1500 cxpoain

9 1526 116 1572 tiouibua
135 1537 185 1584 pro
205 1521 351 1569 authentica
367 1520 502 1583 habeatur,
522 1527 549 1570 et
559 1537 635 1570 neruo
649 1524 718 1570 illem
735 1525 845 1584 rejicere
860 1527 951 1586 quopie

11 1611 143 1666 praetextu
153 1605 258 1668 audeat,
267 1605 311 1653 rel
320 1608 471 1665 praeaumat.
505 1608 576 1654 llaec
589 1609 673 1655 autem
682 1608 792 1668 Vulgata
805 1609 883 1656 editio
895 1624 951 1657 cum

9 1707 55 1740 una
64 1695 147 1752 earet,
164 1691 243 1739 rarii·
252 1690 404 1738 lectionibue
413 1690 440 1737 in
450 1691 537 1749 plurea
547 1692 655 1750 quodam
663 1693 739 1739 modo
749 1693 869 1741 distracta
879 1695 951 1742 ride-

11 1781 84 1826 batur.
121 1777 237 1831 Quamm
245 1774 306 1822 licet
313 1773 466 1835 nonnullae,
476 1777 520 1822 aut
529 1777 644 1824 veterum
654 1777 783 1838 codicum,
794 1780 838 1824 ant
847 1781 951 1824 canoto-

10 1875 60 1908 rum
68 1863 176 1908 Petrum
184 1858 327 1907 invexieeet
335 1859 487 1920 auctoritae,
502 1859 625 1918 plurimae
638 1859 804 1908 nihflnminur
814 1861 856 1908 rel
865 1875 899 1908 ex
908 1862 950 1908 in-

9 1943 71 2000 juria
79 1947 239 2003 temporum,
256 1941 300 1990 rel
313 1955 347 1990 cx
359 1943 520 1991 librariorum
535 1943 648 2004 incuria,
669 1943 755 1992 velex
768 1944 951 2003 impreerorum

11 2029 132 2086 imperitia
138 2061 147 2087 ,
158 2026 201 2073 rel
211 2040 244 2074 ex
253 2029 350 2076 temere
359 2027 544 2074 emendantium
554 2027 671 2087 licentia,
682 2026 724 2074 rel
735 2041 769 2075 ex
777 2028 950 2076 recentiorum

12 2113 176 2172 interpretum
185 2110 303 2171 audacia,
317 2111 361 2170 qni
369 2111 501 2159 Eccleeiae
510 2111 555 2158 tilii
566 2125 621 2158 eum
631 2111 696 2170 aiut,
711 2111 795 2158 minue
804 2113 889 2159 tamen
897 2113 949 2160 Er·

11 2196 99 2244 clerice
114 2195 277 2253 doctoribue,
291 2209 365 2254 quam
379 2195 535 2242 ludaeorum
547 2195 667 2244 Babbinie
681 2208 778 2243 morem
792 2196 842 2243 eibi
855 2210 949 2256 geren-

12 2280 64 2326 dnm
73 2282 208 2339 putarunt:
232 2279 274 2327 vel
287 2280 386 2328 demum
395 2293 429 2327 ex
437 2279 631 2327 Haeretioorum
645 2279 749 2328 acholiia
759 2280 791 2326 ad
800 2281 949 2340 marginem,

15 2365 181 2423 captioeieque
191 2364 298 2412 fallaciie
309 2365 483 2423 obrepeeraut.
509 2363 552 2422 Et,
562 2365 675 2421 quamvis
685 2363 712 2411 in
721 2363 769 2411 bac
777 2366 848 2412 tantu
857 2364 949 2412 lectio-

14 2461 68 2494 num
81 2449 207 2495 varietate
221 2448 286 2496 nibil
298 2447 427 2506 hucueque
439 2449 569 2506 repertum
581 2448 626 2508 eit,
645 2447 712 2506 quod
726 2447 797 2508 fidei,
813 2451 840 2495 et
852 2461 950 2496 morum

15 2533 90 2580 caude
99 2534 220 2580 tenebrae
231 2532 363 2580 offundere
372 2533 500 2592 potuerit;
520 2532 657 2580 verendum
666 2533 751 2578 tamen
760 2532 822 2591 init,
831 2545 879 2592 ue,
893 2546 950 2580 cre-

16 2618 93 2664 reeute
102 2617 200 2675 magia,
213 2629 243 2664 ac
256 2617 336 2675 magia
350 2617 378 2662 in
388 2616 442 2668 diee
451 2616 575 2676 addendi,
591 2615 789 2672 detrabeudique
796 2616 949 2674 temeritate,

16 2697 71 2746 haec
79 2700 260 2758 probatieeima
269 2702 451 2760 ecripturarum
459 2700 560 2760 Editio,
575 2713 648 2758 quam
658 2699 787 2746 vinculum
796 2698 878 2757 pecie,
893 2698 949 2744 fidei

15 2783 142 2845 mitatem,
150 2784 278 2832 eharitatis
288 2798 397 2846 nexum,
408 2784 610 2832 dieeentieutium
620 2783 825 2840 coueenrionem‚
837 2781 948 2828 certiaei·

15 2879 71 2914 mam
89 2869 118 2916 in
137 2870 213 2916 retur
233 2868 314 2916 dubiis
332 2882 448 2916 normam
466 2881 522 2916 erae
540 2869 689 2927 oportebat,
707 2865 837 2925 plerisque
851 2866 950 2924 conda,

15 2951 163 3012 echiematir,
183 2954 208 3000 et
225 2953 338 3002 haereeie
357 2951 485 3012 inductio,
505 2951 688 3000 dubitationum
701 2951 803 3010 tluctur,
822 2948 949 2996 involutio

15 3035 198 3096 quaeetiouum,
217 3035 398 3084 diacordiarum
416 3049 503 3096 aegea,
522 3038 548 3084 et
565 3036 664 3094 piarum
677 3034 799 3082 mentium
811 3033 949 3094 implicatio

16 3119 144 3180 multiplex
152 3120 280 3168 evaderet.
316 3120 390 3174 Quod
401 3119 429 3166 ia
438 3120 599 3179 reptuaginta
608 3120 776 3178 interpretum
785 3117 884 3165 Graeca
894 3115 948 3163 edi-

64 3327 90 3381 o)
105 3327 135 3370 In
144 3329 289 3385 praefatione
302 3330 327 3372 in
335 3327 417 3380 dorne,
428 3333 452 3373 et
458 3329 485 3372 in
494 3329 596 3384 praeiet.
608 3331 679 3386 quatt.
689 3324 871 3380 Evangeliorum·
883 3321 950 3365 Ton-

16 3401 33 3438 l.
60 3400 84 3454 t)
98 3400 151 3444 Lib.
160 3405 181 3444 2.
191 3416 211 3445 e.
221 3405 256 3446 tt.
266 3401 294 3445 de
310 3401 381 3445 doctr·
393 3399 641 3446 christianarum.
671 3401 693 3457 c)
709 3398 771 3444 Sere.
784 3401 805 3441 t.
821 3397 912 3439 decreto
923 3394 951 3438 de

17 3470 110 3516 editione
121 3475 145 3518 at
153 3487 195 3519 nau
205 3487 318 3520 taurorum
327 3472 444 3519 librorum.
