2206 3880
41 412 364 502 CLEMENS
395 413 572 497 PAPA
606 411 930 502 OCTAVUS.

183 576 231 619 An
255 575 487 618 PERPETUAM
510 575 573 617 REI
594 575 800 619 manualem.

390 699 594 712 ...m-...-

66 764 149 840 Cum
162 805 293 840 sacrorum
302 792 441 839 Bibliororn
456 792 573 850 vulgatae
589 791 708 838 editionis
718 793 803 839 textui
813 793 914 839 summis
924 792 962 839 la-

15 878 130 938 boribus,
142 881 178 924 ac‘
184 877 278 934 vigilii
288 877 418 922 restitutus
427 905 434 934 ,
445 879 470 921 et
480 889 553 933 quam
563 876 750 922 accuratissime
759 875 857 923 mendis
867 887 962 935 expur-

17 965 101 1022 gatur,
122 961 293 1008 benedicente
305 960 428 1017 Domino,
448 971 482 1005 ex
499 962 588 1004 nostra
603 959 783 1018 Typographia
795 959 917 1006 Vaticana
934 960 962 1006 in

15 1047 96 1094 lucem
111 1045 236 1104 prodeat3
259 1057 321 1103 nus,
336 1046 364 1089 ut
377 1043 404 1089 in
418 1046 546 1100 posterum
562 1043 628 1089 idern
644 1046 729 1089 textus
744 1044 919 1104 incorruptus,
933 1045 962 1090 ut

17 1130 97 1190 decet,
109 1130 288 1187 conservetur,
300 1129 443 1185 opportune
453 1127 589 1184 providere
599 1126 726 1185 volentes,
736 1127 886 1172 auctoritate
897 1139 960 1184 apo-

17 1215 120 1273 stoliea,
136 1216 228 1258 tenore
241 1211 412 1270 praesentium
427 1211 564 1256 districtius
578 1209 733 1269 inhibemus,
748 1223 781 1254 ne
796 1211 863 1254 iutra
874 1210 961 1256 decem

17 1311 97 1343 anuos
107 1311 124 1342 a
135 1297 193 1343 data
202 1296 371 1354 praesentium
382 1295 566 1353 numerandos,
580 1297 631 1341 tam
641 1294 716 1352 eitra,
727 1305 801 1350 quam
808 1291 876 1338 ultra
884 1305 959 1338 mon-

17 1386 53 1427 tea
68 1380 132 1428 alibi
147 1393 221 1437 quarn
235 1381 261 1424 in
276 1381 364 1424 nostra
373 1380 495 1425 Vaticana
506 1377 686 1438 Typogruphia
701 1390 716 1422 a
731 1389 856 1434 quoquam
869 1377 958 1434 impri-

17 1469 106 1510 matur.
142 1463 238 1521 Elapeo
253 1465 335 1509 autem
349 1463 464 1520 praelato
475 1462 614 1522 decennio,
629 1475 684 1508 eam
693 1461 837 1508 cautionem
847 1461 961 1510 adhiberi

18 1547 194 1606 praecipimur,
213 1549 246 1592 ut
261 1560 349 1593 nemo
366 1547 441 1592 hanc
459 1550 634 1596 sanctarum
648 1529 879 1604 scripturarum
897 1545 960 1592 edi-

19 1634 139 1678 tionem
155 1631 238 1690 typis
260 1631 405 1676 mandare
429 1633 623 1690 praesumat,
651 1631 715 1676 nisi
737 1631 846 1677 habito
868 1630 959 1688 prius

20 1715 192 1774 exemplari
217 1714 248 1760 in
276 1715 499 1773 'typographia
523 1715 678 1762 Vaticana
705 1727 837 1762 excuso:
869 1713 959 1772 cujue

20 1797 210 1858 exemplaris
232 1799 348 1857 torma,
375 1811 412 1844 ne
433 1798 559 1844 minima
585 1799 710 1856 quidem
733 1797 896 1856 particula
923 1797 958 1842 de

20 1887 107 1929 textu
124 1885 257 1940 mutata,
280 1881 398 1940 addita,
423 1883 471 1928 vel
491 1884 527 1929 ab
550 1895 586 1928 eo
610 1882 767 1940 detracta,
790 1881 841 1926 nisi
856 1880 958 1936 aliquod

21 1971 147 2026 occurrat,
170 1965 237 2024 quod
253 1965 463 2024 Typographicae
482 1965 596 2012 incuriae
614 1965 747 2010 manifeste
766 1963 957 2010 adscribendum

21 2053 60 2108 eit,
71 2050 249 2096 inviolabiliter
259 2054 418 2098 observetur.
435 2047 463 2096 Si
477 2049 533 2106 quis
547 2062 611 2095 vero
622 2048 807 2108 'typographus
817 2047 844 2092 in
854 2047 957 2104 quibus-

22 2149 116 2191 cunque
129 2133 230 2192 regnis,
246 2132 402 2191 civitatibus,
417 2133 572 2192 provinciis,
588 2135 614 2179 et
627 2131 692 2178 locis
707 2133 758 2177 tam
772 2134 876 2177 nostrae
894 2135 919 2176 et
930 2131 956 2177 S.

20 2219 47 2262 R.
58 2219 87 2263 E.
101 2215 191 2264 ditioni
203 2215 230 2260 in
242 2215 423 2272 temporalibus
438 2217 572 2276 subJectia,
591 2230 664 2274 quam
677 2229 730 2262 non
745 2213 878 2275 subiectis,
893 2215 958 2261 banc

22 2302 122 2348 candem
137 2313 265 2347 sacrarum
276 2299 462 2357 Scripturarum
477 2300 614 2347 editionem
629 2301 697 2346 intra
712 2299 862 2346 decennium
883 2313 957 2357 prae-

23 2386 111 2431 dictum
120 2397 221 2442 quoquo
231 2383 316 2442 modo,
328 2383 414 2441 elapso
425 2386 507 2430 autem
519 2385 653 2444 decennio,
664 2384 760 2430 aliter
771 2397 857 2440 quam
867 2384 877 2440 j
886 2386 959 2428 uxta

22 2468 197 2525 hujusmodi
211 2467 385 2525 exemplar,
400 2469 593 2528 utpraelevtur,
609 2469 765 2528 imprimere,
778 2467 901 2526 rendere,
912 2479 958 2512 ve-

24 2551 91 2598 nales
99 2552 203 2610 habere,
219 2553 263 2597 aut
271 2551 334 2596 alias
344 2551 420 2597 edere
431 2551 471 2596 vel
482 2552 617 2611 evulgare,
633 2555 677 2598 aut
695 2553 718 2598 ai
727 2553 782 2609 quis
795 2549 935 2608 bibliopola
944 2563 959 2594 a

25 2649 52 2681 re
63 2637 99 2682 vel
107 2639 137 2683 ab
150 2635 208 2682 aliis
222 2635 363 2693 quibusvis,
379 2639 438 2692 post
452 2635 533 2681 datam
548 2637 731 2694 praesentium,
745 2635 821 2692 husus
838 2633 958 2679 editionis

25 2719 154 2776 impressos
164 2719 258 2778 libros,
273 2732 318 2766 seu
331 2718 512 2776 imprimendae
527 2723 667 2778 apraelato
677 2719 795 2766 restituto
806 2720 831 2762 et
841 2718 957 2762 correcto

25 2803 127 2849 textuiu
136 2803 221 2860 aliquo
232 2802 418 2860 discrepantes,
429 2816 474 2848 eeu
492 2806 522 2849 ab
537 2803 603 2862 alio,
619 2815 692 2858 quam
706 2815 721 2846 a
735 2801 894 2859 typographo
905 2801 956 2845 Va-

26 2886 117 2946 ticano,
133 2888 201 2934 iutra
212 2885 360 2933 decennium
370 2899 492 2946 excusos,
507 2887 603 2944 pariter
613 2885 736 2945 vendere,
747 2884 850 2930 venales
861 2895 958 2942 propo-

27 2983 84 3016 nere
93 2971 132 3017 vel
142 2970 264 3028 evulgare
274 2970 484 3028 praesumpserit,
500 2971 567 3016 ultra
578 2969 741 3016 amissionem
752 2969 864 3014 omnium
874 2968 957 3014 libru-

27 3066 91 3113 run,
104 3058 128 3100 et
141 3053 204 3100 alias
218 3053 323 3099 arbitrio
340 3057 428 3098 riostro
443 3054 593 3112 infligendas
602 3067 698 3113 poenae
708 3052 870 3112 temporales,
882 3053 957 3098 etiam

27 3138 123 3194 majoris
142 3137 410 3185 excommunicationis
430 3140 582 3186 sententiam
601 3152 632 3185 eo
651 3139 706 3196 ipsu
725 3138 851 3184 incurrat:
875 3149 891 3182 a
909 3150 957 3192 qua

29 3219 74 3266 uiri
86 3221 219 3268 allomano
229 3221 367 3279 Pontifice,
381 3224 556 3278 praeterquam
568 3223 596 3268 iu
611 3222 701 3268 mortis
715 3219 822 3267 articulo
833 3219 957 3266 constitu-

30 3307 77 3362 tus,
90 3305 184 3352 absolvi
198 3317 251 3350 non
266 3303 354 3362 poerit.
389 3306 537 3352 Mandamus
556 3307 640 3363 itaque
660 3306 787 3352 universis
803 3307 828 3350 et
841 3302 957 3360 singulis,

32 3383 184 3448 Patriarchis,
195 3388 409 3447 Archiepiscopia,
420 3389 563 3450 Episcopis,
574 3390 730 3446 caeterisque
741 3387 917 3444 ecclesiarum,
934 3387 959 3435 et

32 3470 151 3533 locorum,
163 3475 238 3520 etiam
248 3472 404 3532 regularium
413 3473 551 3537 Praelatis‚
567 3476 596 3520 ut
605 3476 751 3532 praesentes
761 3471 858 3516 litterar
869 3469 895 3514 in
906 3469 957 3514 suis
