2206 3880
240 137 514 184 commemoria
542 137 751 184 lsaeosrcn.
888 143 973 190 xxix

91 267 252 343 Exempla,
279 269 411 324 emultis
435 267 562 338 delecta,
587 266 659 324 baeo
681 267 793 326 habeto.
836 270 973 328 Poterant
1080 276 1081 298 ¹

35 356 99 408 item
110 353 168 408 alia
180 352 313 425 proponi,
329 351 379 406 sed
391 353 519 408 omnium
532 369 590 406 non
603 353 769 408 eratloous.
814 354 869 419 Qui
883 359 972 424 volet,
1080 367 1081 396 l

37 455 68 490 ex
79 437 141 509 ipsa
153 435 279 490 lectione
292 435 360 489 libri
373 435 483 509 reliqua
495 433 582 490 facile
597 437 722 512 colliget.
766 433 835 492 Lao.
854 439 906 507 17,
921 439 970 494 34.

37 521 62 572 in
79 527 156 574 tecto
176 535 296 590 nnopro
312 519 342 572 in
356 515 515 582 leciniano,
534 515 576 570 ἐπὶ
592 518 675 586 κλίνης
691 514 760 589 poda.
802 516 972 576 Dissensum

38 599 129 655 Nostri
142 599 209 654 inde
223 600 347 672 explica,
361 598 437 674 quod
448 599 523 673 apud
533 601 633 673 parall.
645 603 816 675 scriptorem
825 600 909 658 Mttb.
919 605 970 674 24,

38 685 79 738 lo.
96 683 231 738 similiter
249 683 370 757 legitur:
398 684 425 736 ἐν
442 681 479 753 τῷ
497 675 578 754 ἀγρῷ.
622 683 714 749 Quem
726 703 754 739 ν.
773 687 905 742 nonnulli
924 689 970 742 in-

39 774 142 836 serunt,
164 765 216 821 sed
231 782 379 838 perperam
400 783 445 838 ap.
466 762 535 828 Luo.
550 785 577 821 v.
592 766 641 822 36.
659 768 853 842 omissamque
870 778 972 843 putant

38 849 67 902 ob
85 842 282 919 ὃμοιοτέλοοτον.
324 844 394 903 Luc.
415 847 470 917 19,
489 848 538 902 37.
561 847 795 906 descendentium
814 853 971 930 ‹inopinia-

37 950 107 1000 rom,
121 931 170 986 ubi
183 931 418 990 descendentium
432 939 476 986 est
489 931 673 1006 glossatoris,
694 933 851 1008 imaginem
863 937 906 990 rei
919 954 970 1010 ge-

37 1022 90 1068 stae
101 1012 309 1087 amplificantis.
353 1010 423 1068 Luo.
438 1014 489 1084 20,
502 1013 531 1068 4.
545 1014 719 1091 baptismam
732 1033 785 1088 pro
798 1017 969 1092 baptismus,

37 1095 68 1150 ad
85 1095 301 1152 similitudinem
317 1114 439 1172 graeme
459 1096 568 1154 formae
587 1091 617 1150 τὸ
636 1091 778 1168 βάπτισμα.
821 1100 877 1171 21,
891 1102 919 1154 4.
933 1121 970 1155 eo·

38 1179 210 1238 abnndantia
223 1197 274 1252 pro
289 1197 326 1234 en
339 1179 504 1237 abundanti
508 1195 519 1250 ,·
550 1188 681 1254 receptus
698 1188 798 1235 textus
814 1177 925 1238 Graeco
944 1187 969 1236 ἐκ

37 1259 78 1314 τοῦ
96 1255 305 1334 περισσεύοντος,
323 1261 484 1318 Amiatinus
504 1261 595 1318 oodex
608 1260 761 1318 Latinitati
773 1264 926 1336 respondet
939 1275 968 1320 et

37 1346 64 1398 ri
74 1346 257 1420 oppositionis
270 1345 449 1402 substantivo
464 1348 594 1419 sequenti
607 1348 635 1398 ἐκ
647 1345 694 1399 τοῦ
706 1339 888 1418 ὑστερήματος.
915 1349 967 1415 21,

37 1427 80 1482 21.
97 1428 253 1486 deeoednnt
272 1447 323 1501 pro
343 1428 506 1484 discedent.
537 1429 594 1498 22,
612 1429 661 1484 26.
673 1429 779 1500 junior
795 1446 847 1503 pro
865 1433 968 1494 minor,

38 1510 185 1586 elegantius
207 1509 244 1565 ad
257 1511 401 1568 Graecum
421 1504 436 1564 ὁ
456 1504 584 1584 νεώτερος.
618 1511 686 1567 ibid.
704 1530 732 1567 v.
746 1512 795 1567 37.
810 1531 874 1568 eun
888 1514 967 1586 inje-

38 1595 85 1647 ttie
97 1611 144 1667 pro
159 1611 225 1648 enm
238 1594 356 1668 iniquis.
385 1591 529 1650 Graecum
542 1602 599 1650 est:
620 1589 686 1664 μετὰ
699 1588 815 1665 ἀνόμων,
833 1595 937 1650 lortius
951 1615 968 1649 a

14 1739 16 1748 Ι
38 1685 124 1732 nostro
136 1675 281 1732 redditum
295 1677 377 1732 libro.
409 1675 476 1732 ibid.
490 1697 518 1732 r.
532 1676 580 1734 55.
594 1679 659 1752 igni
672 1679 702 1732 in
717 1679 810 1734 medio
826 1680 906 1733 atrio
925 1681 967 1732 la-

39 1759 117 1814 tinius
132 1777 183 1832 pro
203 1760 272 1836 igne
285 1761 315 1814 in
329 1760 422 1817 medio
435 1761 529 1830 atrii,
549 1759 600 1815 sed
617 1761 713 1816 minus
731 1760 768 1815 ad
785 1760 911 1816 verbnm.
929 1791 964 1802 -

40 1837 98 1896 Luc.
112 1842 140 1912 8,
154 1843 181 1896 7.
197 1857 281 1897 secus
295 1844 399 1918 spinae
412 1861 464 1915 pro
478 1844 689 1919 intersepiant,
722 1861 765 1918 gr.
788 1844 814 1894 ἐν
829 1843 899 1912 μέσῳ
917 1843 968 1895 τών

41 1917 158 1980 ἀκανθῶν.
198 1922 292 1998 Saepe
305 1923 386 1982 illum
400 1943 451 1998 pro
466 1943 528 1980 enm
540 1927 667 1998 positum
680 1924 783 1994 babes,
800 1934 833 1979 nt
848 1922 917 1980 Luc.
937 1925 967 1993 5,

46 2007 142 2062 13.19.
182 2005 292 2062 lbidem
303 2026 331 2063 v.
345 2008 394 2062 37.
412 2009 524 2084 rumpit
541 2025 593 2080 pro
613 2017 742 2085 rumpet,
765 2009 967 2065 eontraGrae-

43 2107 108 2146 oum:
120 2085 194 2164 ῥήξει.
217 2088 264 2145 cf.
279 2099 308 2144 et
322 2091 353 2161 6,
368 2091 395 2144 7.
411 2099 440 2144 et
453 2091 583 2163 inprimis
596 2108 624 2145 r.
636 2089 687 2144 26.
716 2088 832 2162 Optime
844 2092 967 2145 transla-

43 2181 67 2226 ta
77 2183 135 2229 sunt
148 2171 218 2228 Luc.
234 2173 262 2244 l,
275 2175 305 2228 4.
319 2173 347 2230 5.
362 2173 410 2229 59.
430 2174 460 2243 2,
474 2173 502 2227 2.
518 2181 547 2226 et
559 2170 796 2248 orthographiae,
814 2181 844 2226 et
857 2172 893 2227 ad
906 2191 967 2228 rem

45 2254 75 2310 ibi
90 2265 239 2312 narratam.
277 2253 399 2312 Latinae
415 2255 573 2310 formarum
597 2257 815 2312 terminationes
835 2273 967 2310 nonnun-

48 2355 113 2411 quam
135 2338 347 2410 desiderantur,
372 2340 403 2394 in
423 2357 522 2394 earum
545 2340 640 2394 locum
657 2356 778 2414 graesae
795 2341 968 2394 vetustiores

49 2420 162 2478 suffectae
173 2430 249 2477 sunt.
293 2419 336 2477 Cf.
350 2421 420 2478 Luc.
437 2421 465 2492 1,
482 2420 528 2476 15.
549 2417 615 2476 Huc
634 2422 704 2476 illue
721 2429 818 2476 tamen
831 2421 910 2495 leges
923 2423 968 2474 in-

49 2508 199 2580 geniumque
217 2505 325 2560 latinae
342 2507 459 2581 linguae
477 2505 641 2574 violantur,
662 2512 696 2558 ut
708 2501 778 2558 buo.
798 2503 830 2572 i,
853 2504 899 2557 17.
919 2503 967 2558 ubi

50 2581 146 2650 ἀπειθεῖς
163 2588 302 2644 vertitur:
326 2586 520 2644 incredibiles.
563 2585 601 2640 At
619 2603 678 2642 non
697 2588 799 2642 melius
812 2595 909 2641 textus
923 2605 968 2640 re-

51 2679 127 2742 optus
152 2669 244 2726 dedit:
281 2668 454 2727 incredulos.
510 2667 652 2724 Videntur
678 2671 808 2743 utrique:
843 2663 969 2728 ἆπ1οτοος

50 2751 289 2822 meselemiae,
318 2754 364 2808 eui
383 2749 518 2808 Latinum
541 2769 600 2808 non
619 2751 772 2825 respondet
788 2751 967 2806 vocabulum.

50 2829 116 2890 Nulla
128 2837 251 2892 varietas
266 2835 297 2890 in
311 2833 432 2890 Graecis
447 2845 498 2891 est.
541 2834 622 2890 Alius
637 2851 717 2888 error
732 2842 775 2888 est
787 2830 859 2888 Lue.
876 2833 904 2902 l,
918 2833 968 2886 23.

51 2911 75 2970 Et
88 2936 107 2970 e.
123 2919 153 2988 l,
167 2919 216 2974 36.
230 2936 290 2974 vox
303 2919 474 2974 insolentior
486 2927 635 2992 poetarum
649 2926 767 2972 senecta
787 2917 895 2991 legitur
916 2935 968 2990 pro

53 3007 184 3056 serectute.
227 2997 297 3056 Lue.
317 3001 354 3072 3,
371 3001 420 3056 22.
439 3003 469 3056 in
488 3010 518 3057 te
535 2999 711 3077 complacuit
729 2997 802 3054 mibi
819 3017 870 3073 pro
897 3001 926 3068 in
939 3009 969 3052 te

55 3081 190 3156 conplecti
204 3081 291 3155 mibi,
309 3103 352 3160 gr.
371 3086 397 3138 ἐν
415 3082 459 3138 σοὶ
471 3077 613 3152 niddense.
645 3081 714 3136 ibid.
728 3101 755 3138 v.
770 3083 819 3136 23.
834 3093 867 3137 nt
875 3092 966 3157 pnlse-

55 3172 118 3216 relor
132 3183 180 3238 pro
198 3173 233 3222 ut
246 3168 428 3244 putabatur,
448 3161 482 3228 ὧς
499 3167 638 3236 ἐνομίζετο,
655 3165 705 3220 ubi
721 3174 853 3238 receptus
869 3171 966 3216 textus

55 3246 127 3310 potor
144 3248 268 3305 videtur.
289 3281 325 3290 -
349 3251 384 3320 4,
405 3251 432 3304 7.
445 3251 607 3326 procidens
627 3249 655 3302 ei
674 3248 850 3304 adoraveris
869 3263 919 3318 pro
942 3245 971 3297 si

58 3323 282 3402 adoraverimidv
295 3325 486 3405 eporediensi
511 3329 612 3387 Nostri
625 3331 776 3385 translatio
789 3329 905 3383 nativae
917 3345 970 3382 vo-

59 3406 90 3460 eis
103 3429 215 3485 maesse
237 3417 375 3491 potestati
388 3416 482 3490 aptior
496 3423 547 3470 est.
585 3415 620 3483 4,
638 3415 684 3466 14.
703 3427 838 3487 egressae
854 3429 905 3483 pro
924 3429 969 3464 re·
