2206 3880
145 133 195 178 Xll
358 129 631 175 cnmmEN'rnTlo
677 128 869 176 sacculos.

146 273 277 320 nostrum
293 262 398 316 librum
415 261 489 316 dono
510 261 608 316 datrrm
626 261 715 317 fuisse
732 263 779 315 vel
797 257 925 316 Romano
943 254 1093 331 pontifici,

145 350 194 403 vel
217 346 321 419 templo
346 345 485 417 principis
508 346 718 417 apostolorum,
746 343 867 398 forsitan
887 339 1039 396 Basilicae
1069 337 1092 392 S.

147 429 228 484 Petri
242 426 395 484 Romanae.
439 425 513 481 Nam
532 427 604 482 illud
626 443 709 504 quem
725 445 753 482 v.
770 426 799 479 2.
818 433 868 480 aut
886 424 922 479 ad
935 439 1091 498 personam

149 512 352 588 episcopalem,
367 518 417 564 aut
430 509 467 564 ad
480 509 631 565 ecclesiam
644 509 826 564 referendum
840 515 891 562 est.
934 504 999 561 Jarn
1012 505 1092 560 hunc

147 595 313 650 thesaurum
331 601 381 646 aut
399 592 516 666 adeptus
537 601 580 646 est
597 585 741 668 (nescitur
760 609 815 665 quo
829 585 932 668 modo)
947 585 1092 644 Theobul-

149 683 202 737 dns
216 678 375 750 episcopua,
390 693 484 750 quem,
498 683 531 730 ut
543 675 678 746 vidimus,
690 674 804 728 aliunde
819 682 931 728 constat
944 681 1092 726 monaste

148 763 224 816 rium
236 757 412 813 Amiatinum
426 757 580 814 donatione
599 758 738 813 librorum
755 758 1034 832 manuscriptorum
1052 773 1090 808 cr·

148 845 273 913 nevisse,
293 849 342 896 aut
354 843 450 914 potins
468 839 576 896 Petrus
590 840 705 916 quidam
719 837 826 909 Abbas,
848 840 898 913 qui
911 857 938 894 v.
954 837 982 894 5.
995 839 1088 900 norni-

148 935 242 980 natur.
286 921 313 979 ls
335 925 411 978 enirn
430 941 533 979 nomen
547 943 629 980 suum
644 943 709 979 cum
723 923 861 977 ecclesiae
875 920 1014 976 Amiatini
1032 939 1088 974 mo-

147 1008 269 1063 nasterii
282 1007 367 1062 titulo
382 1008 511 1078 intrusit,
524 1009 664 1084 neglectis
676 1007 784 1081 poetici
796 1005 882 1060 metri
894 1003 1019 1080 legibus,
1040 1002 1087 1058 hor

147 1092 243 1146 modo:

357 1171 509 1230 Canubium
522 1174 558 1229 ad
572 1175 672 1229 eximii
686 1173 788 1228 merito

396 1255 565 1312 Venerabile
578 1255 746 1314 Salvatoris

352 1336 459 1394 Petrae
471 1337 729 1418 Langobardorum
743 1348 796 1396 etc.

210 1453 293 1510 Unde
306 1455 490 1530 intelligitur,
504 1453 580 1512 hunc
594 1458 760 1513 donatorem
774 1457 841 1512 libri
853 1465 881 1510 et
894 1454 1084 1510 fraudatorem

148 1539 362 1611 inscriptionis,
383 1557 435 1593 sua
455 1548 584 1614 tempora
603 1559 740 1616 suumque
759 1558 862 1595 munus
876 1539 1083 1612 respicientem,

147 1621 228 1676 nefas
247 1638 305 1676 non
324 1619 455 1692 duxisse,
474 1625 594 1678 emetri
613 1631 642 1678 et
659 1625 791 1680 veritatis
811 1622 922 1699 legibus
935 1622 1083 1676 temeraria

147 1705 305 1760 mutatione
320 1703 472 1760 discedere.
1095 1709 1096 1724 ³

211 1803 389 1880 Quapropter
402 1801 535 1862 Bsnnrnr
553 1809 571 1862 l.
587 1827 610 1862 c.
626 1809 721 1862 locum
735 1806 837 1862 critice
850 1802 1007 1861 sanandum
1023 1821 1082 1858 cen·

148 1890 221 1958 suit,
244 1897 273 1943 et
291 1886 417 1943 feliciter
431 1891 557 1961 sanavit3
579 1908 644 1946 nam
661 1890 843 1965 diplomatica
857 1887 912 1944 lide
927 1894 956 1940 et
970 1887 1082 1942 solertia

147 1989 262 2026 sensum
276 1979 498 2048 contextumque
511 1974 686 2047 probabilem
699 1973 835 2028 restituit.
871 1969 999 2025 Literam
1013 1969 1081 2023 enin

149 2051 189 2122 C,
209 2073 226 2108 a
243 2071 298 2130 qua
316 2055 419 2128 incipit
436 2058 545 2130 primus
565 2057 778 2132 epigrammatis
797 2073 912 2124 versus,
934 2052 1009 2110 vidit
1027 2069 1095 2122 esse

148 2155 234 2191 manu
246 2137 331 2210 primi
346 2139 494 2211 scriptoris
509 2147 672 2210 exaratam,
695 2141 821 2212 itemque
840 2139 954 2193 literam
967 2132 992 2189 E
1008 2133 1080 2190 verbi

150 2218 302 2274 Canubium
320 2218 409 2274 fuisse
426 2220 577 2277 formatam
597 2223 703 2276 alinea
718 2229 836 2276 curvata
856 2221 957 2274 literae
972 2216 1012 2290 V3
1043 2235 1080 2271 ra·

148 2319 244 2356 suram
260 2301 377 2374 insuper
395 2312 560 2377 sequentem
578 2319 718 2377 occupare
739 2305 863 2378 spatium
881 2309 1004 2378 quatuor
1021 2301 1079 2355 lite

147 2398 260 2453 rarum3
281 2384 470 2459 similiterque
484 2403 613 2441 rasuram
627 2388 746 2442 ultimae
759 2388 840 2442 vocis
857 2384 984 2460 ejusdem
997 2382 1079 2438 hemi·

149 2464 246 2521 stichii
266 2463 371 2521 habere
394 2469 517 2540 spatium
539 2471 664 2544 quinque
692 2472 849 2524 literarum.
894 2467 973 2533 Quae
993 2465 1079 2522 omnia

149 2551 297 2604 oculorum
316 2551 493 2622 inspectione
513 2552 570 2606 loci
591 2553 719 2608 mendosi
744 2551 956 2608 confirmantur.
1000 2547 1077 2613 Adde,

149 2651 188 2687 ex
204 2633 305 2688 ultimo
326 2633 540 2708 epigrammatis
564 2633 687 2690 disticho
712 2636 853 2711 intelligi,
879 2631 1077 2707 respiciendum

149 2735 211 2770 esse
230 2715 266 2770 ad
283 2733 434 2789 personam
452 2717 529 2772 inter
549 2719 665 2773 caelites
687 2720 816 2774 relatam.
859 2715 943 2772 Unde
954 2714 1031 2771 hunc
1044 2722 1077 2767 tn·

148 2800 204 2852 lem
217 2817 332 2854 versum
345 2798 460 2855 refecit:
1092 2837 1093 2884 ,

274 2895 392 2954 Cuhnen
405 2899 441 2954 ad
453 2900 553 2955 eximii
566 2902 669 2956 merito
682 2899 846 2957 venerabile
858 2897 946 2955 Petri.
1092 2893 1093 2965 l

149 2979 260 3036 Vocula
278 2982 319 3038 nd
337 2981 442 3055 pendet
463 3001 479 3037 a
491 3001 563 3038 voce
577 2985 661 3039 mitto
674 3003 702 3040 v.
716 2984 744 3038 8.
779 2981 843 3038 ΙῙιιιιι
856 2983 966 3040 culmen
979 2979 1074 3036 dictum

150 3065 242 3118 estin
259 3071 358 3119 vetere
377 3066 499 3120 ecclesia
518 3065 551 3120 de
568 3068 693 3140 primatu
713 3067 869 3142 apostolico
888 3065 963 3120 sedis
982 3061 1092 3132 Romn-¹

149 3165 214 3216 nae,
228 3145 259 3202 id
272 3146 348 3221 quod
360 3145 436 3204 haud
449 3147 567 3203 difficile
582 3158 626 3205 est
639 3151 776 3225 exemplis
790 3149 913 3224 probari.
950 3146 1076 3204 Visuntur
1091 3163 1092 3180 ι

151 3231 227 3286 enim
242 3229 335 3286 adhuc
348 3227 457 3286 Romae
469 3233 500 3286 in
513 3234 634 3288 ecclesia
649 3231 679 3288 S.
699 3231 823 3290 Sabinae
838 3233 965 3288 carmina
977 3230 1075 3288 musivo

150 3331 237 3387 opere
250 3331 275 3368 a.
292 3315 408 3370 circiter
420 3311 631 3370 ccccxxiv.
646 3324 809 3372 constructo
825 3331 969 3388 expressa,
983 3315 1014 3369 in
1027 3313 1074 3367 lau·

151 3395 216 3453 dem
231 3393 390 3454 Caelestini
402 3394 423 3452 1.
438 3393 561 3468 Romani
573 3397 730 3473 pontificis,
743 3415 815 3473 qnae
828 3399 869 3454 ita
882 3395 987 3453 habent
