2206 3880
156 139 211 184 LVI
363 135 579 181 PRAEFATIO
602 135 649 179 AD
673 135 880 182 LECTOREM.

69 259 75 268 ⁴
156 269 190 315 sit
199 266 264 314 Sede
274 265 399 312 indultum
408 265 476 323 quod
485 263 612 323 interdici,
623 265 757 322 suspendi,
767 265 809 312 rel
819 267 1032 316 excommunicari
1039 283 1076 315 non

154 351 255 411 possint
263 363 309 410 per
319 349 417 396 litteras
427 349 596 408 apostolicas,
612 360 665 396 non
680 350 803 396 iacientes
814 350 931 410 plenam,
947 354 973 397 et
988 365 1074 411 expres-

157 449 224 496 sam,
243 449 272 481 ac
291 435 322 480 de
338 435 418 479 verbo
438 433 469 478 ad
490 436 592 480 verbum
612 434 642 480 de
661 433 760 480 indulto
775 433 918 492 hujusmodi
932 436 1074 482 mentionem.

155 520 278 566 Volumus
288 520 371 564 antem
381 520 528 574 praesentes
538 518 636 564 litterae
647 517 674 564 in
684 516 766 563 valvis
776 515 1074 579 BasilicaeLateranemis,

156 617 186 651 ac
194 603 320 660 Principis
330 601 510 660 Apostolorum
524 601 554 648 de
564 603 643 662 Urbe,
667 603 693 648 et
707 601 881 648 Cancellariae
895 603 1045 660 apostolicae
1056 604 1074 650 le

154 701 227 734 more
242 685 378 745 publicari,
399 688 424 731 et
441 685 509 730 intra
523 689 631 743 quatuor
650 697 765 744 menses,
784 697 843 745 eos,
863 686 905 742 qai
920 686 985 733 citra
997 689 1074 734 montes

156 774 227 830 sunt3
242 771 290 828 qui
300 783 361 816 vero
373 770 439 816 ultra
448 772 561 828 montes,
577 770 644 816 intra
657 771 716 816 octa
730 781 831 815 menses
841 781 857 813 a
866 768 906 814 die
917 769 1074 826 publicationis

155 854 300 914 hujusmodi
317 853 500 912 numerandos,
514 852 619 912 perinde
631 855 744 912 arctare,
763 855 788 899 et
797 853 911 912 aficere,
927 866 957 899 ac
972 854 994 900 si
1009 868 1073 900 coron

156 939 259 986 cuilibet
276 937 446 996 personaliter
468 937 597 984 intimatae
622 938 743 984 tuissent:
778 937 944 983 decernentes
964 941 992 984 ut
1010 951 1073 984 carun

154 1023 330 1082 mansumptis,
346 1023 421 1069 etiam
435 1023 578 1082 impressis,
596 1021 691 1068 notarii
704 1019 798 1080 publici
811 1033 888 1066 manu
898 1023 1047 1080 subscriptis,
1054 1035 1072 1067 ιι

154 1107 240 1166 sigillo
254 1107 361 1166 praelati
371 1106 544 1154 Ecclesiastici
558 1106 711 1165 obsignatis,
727 1105 815 1151 eedem
829 1105 919 1161 ubique
934 1105 1071 1153 habeaturl-

156 1193 209 1252 des,
220 1191 355 1250 quaeipsis
366 1189 533 1248 originalibus
544 1185 672 1250 exhibitis,
684 1189 726 1236 vel
736 1189 846 1235 ostensis
855 1189 999 1236 haberetur.
1024 1189 1071 1236 Nulli

154 1290 216 1335 ergo
227 1276 332 1323 omnino
342 1275 471 1320 hominum
485 1275 562 1320 liceat
575 1274 640 1320 hanc
650 1273 769 1331 paginam
778 1273 862 1319 nostri
871 1275 968 1333 statuti,
980 1274 1070 1320 declaro·

152 1361 240 1419 tionis,
252 1361 423 1416 decretorum,
435 1357 605 1416 voluntatum,
620 1357 816 1416 prohibitionis,
833 1358 859 1403 et
868 1356 1036 1416 derogationis
1044 1356 1070 1401 in·

151 1445 281 1502 fringere,
304 1441 347 1488 vel
364 1441 388 1487 ei
405 1455 468 1487 ausu
487 1442 623 1488 temerario
644 1441 782 1488 contraire.
822 1441 850 1488 Si
869 1441 925 1497 qais
943 1445 1024 1488 autem
1038 1439 1070 1485 hor

153 1529 278 1574 attentare
289 1526 496 1584 praesumpserit,
512 1524 714 1582 indignationem
724 1524 906 1583 omnipotentis
917 1525 964 1572 Oei
971 1557 979 1586 ,
994 1539 1021 1572 ac
1029 1527 1070 1572 bes-

150 1615 234 1658 torum
245 1610 323 1669 Petri,
334 1611 360 1656 et
368 1609 441 1656 Pauli
450 1609 623 1667 apostolorum
631 1609 689 1668 ejus
700 1623 728 1655 se
737 1609 841 1656 noverit
850 1610 1017 1657 incursurum.

184 1735 241 1780 Dat.
251 1733 346 1778 Romae
356 1733 421 1790 apud
431 1737 542 1779 sanctam
552 1733 659 1778 illariam
669 1732 808 1791 lllajorem,
824 1734 898 1780 Anno
908 1732 1069 1780 incarnationis

217 1801 367 1847 Dominicae
377 1802 451 1846 1589.
469 1801 525 1847 Kal.
536 1801 630 1860 Martii,
641 1801 804 1846 Pontificatus
815 1801 898 1847 nostri
909 1815 931 1847 a.
942 1802 1034 1858 quinto.

150 1945 1070 1975 W

303 2109 347 2174 In
360 2109 466 2174 Ballio
478 2107 582 2174 Sacra
602 2107 761 2192 Volgares
774 2107 940 2172 Editiooa'o

245 2249 343 2298 nomae,
356 2261 388 2292 ex
401 2248 566 2304 rypognpns
581 2245 716 2314 spontanea
729 2247 850 2291 vitream.
865 2251 927 2291 raas.
943 2247 994 2292 ror

265 2361 524 2420 PRAEFATIO
563 2361 620 2420 AD
657 2360 917 2422 LECTOREM.
944 2359 974 2438 e)

540 2513 695 2536 m

200 2611 234 2684 ln
248 2636 348 2696 multis,
362 2637 509 2696 magnisque
520 2637 662 2696 beneficiis,
677 2650 741 2694 quae
751 2651 797 2696 per
808 2649 906 2684 sacram
917 2634 1069 2682 Tridentinus

121 2745 123 2752 ·
150 2723 280 2784 synodum
289 2721 421 2768 Ecclesiae
435 2734 495 2766 suae
509 2720 577 2765 Deus
593 2709 711 2780 contulit,
727 2721 752 2766 id
766 2722 793 2768 in
807 2721 895 2780 primis
910 2716 1069 2766 numerandum

149 2808 262 2866 videtur,
278 2806 344 2864 quod
358 2805 589 2850 intercolumnas
604 2805 729 2850 editiones
741 2805 881 2852 divinarum
896 2805 1068 2862 Scriptorum

149 2891 229 2936 solam
240 2893 351 2937 veterem
366 2903 394 2934 ac
405 2889 545 2947 vulgatam,
560 2901 624 2945 quae
634 2889 713 2946 longo
728 2892 767 2935 tot
777 2890 935 2936 saeculorum
945 2903 994 2935 usu
1003 2889 1026 2933 in
1035 2883 1068 2929 Ec·

145 3025 491 3038 m—

202 3121 223 3174 ·)
239 3117 325 3162 Auctor
338 3123 373 3160 est
384 3117 452 3160 Oard.
462 3119 500 3162 Ro
509 3121 529 3162 b.
539 3119 750 3170 Bellarminus‚
769 3121 886 3164 societatis
899 3119 955 3164 Jesu
969 3112 1067 3174 (†1oil·l·

147 3192 234 3234 fatente
245 3191 324 3234 eodem
333 3191 357 3232 in
366 3189 436 3240 libro,
451 3203 516 3244 qoem
527 3193 554 3235 de
569 3195 629 3236 rita
643 3205 692 3236 sua
706 3195 852 3249 conscripsit,
864 3205 885 3235 s.
895 3194 979 3238 astatis
989 3202 1037 3234 sum
1045 3196 1066 3227 st·

146 3265 288 3320 plungesimo
302 3264 376 3318 primo
391 3276 411 3304 a.
427 3267 490 3306 1613.
507 3264 544 3307 ef.
556 3279 613 3318 quae
628 3267 655 3308 de
672 3266 738 3318 hujus
752 3268 796 3310 viri
809 3267 834 3309 in
843 3266 886 3310 lrac
895 3279 919 3308 re
929 3265 1011 3307 ciliciis
1020 3257 1067 3308 etjl·

149 3336 219 3386 dicio,
234 3337 305 3390 daque
321 3334 377 3378 bibl.
388 3335 531 3380 Sixtinorum
549 3343 573 3380 et
583 3338 774 3382 clementinorum
785 3339 880 3382 historia
895 3339 985 3394 copiose
1000 3328 1068 3376 subtili·

148 3414 227 3460 terque
244 3408 352 3463 exposuit
371 3409 398 3448 L.
417 3421 471 3450 van
489 3409 541 3451 Eas
560 3411 584 3450 in
602 3409 629 3452 l.:
648 3408 1015 3464 pragmatisch·kritiselre
1036 3403 1068 3444 θ’θ’

149 3479 280 3522 solsichte
296 3480 346 3523 der
360 3479 495 3533 Vulgata.
526 3479 884 3538 Tiibing,1824.a.p.'2aosqq.
