2206 3880
263 125 537 172 comrtrNTarto
566 129 774 176 Issoottlcs.
950 133 973 177 V

79 257 216 316 Factum
227 267 271 314 est
291 266 403 328 autern,
424 266 456 312 ut
475 266 504 312 ct
520 277 567 316 me
584 269 652 316 ante
669 264 726 317 iter
740 263 877 318 biblicum
891 266 972 319 criti-

27 363 85 400 cum
106 352 137 398 et
155 340 375 417 theologicum,
396 339 472 416 quod
491 343 522 398 in
543 339 727 401 Germaniam
745 345 972 418 meridionalem,

25 427 150 497 ltaliam,
172 423 325 494 Siciliam,
345 420 486 495 Galliam,
502 443 553 499 per
571 428 681 502 aliquot
694 445 784 485 annos
798 432 911 503 suscepi
928 426 971 508 ¹),

27 514 102 584 cujus
120 511 280 564 luculenta
300 506 453 580 descriptio
470 525 528 563 una
550 529 615 565 cum
636 511 922 568 commentationibus
935 514 972 566 li-

26 594 136 648 terariis
149 599 245 666 atque
256 589 429 665 theologicis
442 589 477 645 ab
492 591 587 668 aliquo
599 603 727 668 tempore
737 597 769 650 in
781 597 875 650 lucem
886 596 971 650 emis-
1031 653 1035 671 1

27 694 53 730 ιι
65 685 108 730 est
125 672 176 754 ²),
193 672 310 729 Codicis
322 673 464 746 praeclari
478 677 641 748 praesentia
654 685 684 734 et
698 678 875 733 domicilium
888 677 971 753 fuge-

28 768 100 828 rent,
119 768 151 814 et
166 756 287 834 quidem
300 755 403 812 iisdem
418 755 452 810 de
466 759 576 829 causis,
595 777 665 835 quas
683 762 714 815 in
731 762 796 817 aliis
817 779 879 816 esse
895 761 972 816 iudi-

30 843 92 896 cari.
138 841 300 910 Quocirca,
315 857 401 914 quum
413 840 537 912 primum
551 843 583 897 in
595 842 666 898 urbe
678 842 871 918 pulcherrime
883 841 972 900 Etru-

30 927 82 979 riae
98 926 239 998 principe
255 941 401 993 rersarer,
420 923 485 980 aliis
500 923 534 979 de
551 943 657 1002 graeco
670 925 707 982 N.
722 924 757 982 Τ.
771 936 854 982 textu
866 926 972 983 labori-

30 1005 74 1061 lus
88 1007 268 1076 distraetus,
288 1023 405 1062 securus
419 1006 584 1082 insciusque
597 1011 755 1084 praeterivi
765 1009 843 1066 hunc
857 1009 972 1066 thesau-

29 1107 103 1161 rum,
129 1087 185 1167 q'ui
208 1092 285 1146 inter
308 1091 365 1144 alia
384 1085 582 1147 Bibliothecae
604 1086 717 1163 κειμήλια
739 1093 887 1149 recondito
908 1095 971 1148 loeo

31 1172 171 1246 depositus
189 1183 261 1229 erat.
304 1171 368 1228 Jam
382 1190 447 1228 cum
460 1170 599 1246 Romam,
618 1175 719 1232 urbem
736 1186 898 1246 aeternam,
917 1173 974 1230 Dei

31 1255 163 1312 beneficio
195 1258 322 1333 migrare
350 1257 534 1332 contigisset,
567 1259 664 1334 ibique
691 1258 827 1322 admirari
854 1263 970 1314 immor-

33 1340 93 1394 talia
109 1342 222 1396 artium
241 1349 270 1394 et
289 1341 438 1394 literarum
463 1351 648 1398 monsuneuta
671 1335 764 1418 (quod
781 1343 812 1397 in
830 1343 972 1417 singulari

33 1423 101 1476 vitae
113 1441 200 1479 meae
213 1439 332 1478 munere
345 1420 485 1500 repono),
502 1427 569 1480 veni
586 1433 700 1499 praeter
713 1427 784 1480 alios
797 1427 829 1480 in
848 1425 972 1480 familia-

36 1505 141 1562 ritatem
154 1505 285 1562 hominis
305 1505 427 1576 eruditi,
444 1503 665 1578 Utuntur-titt,
685 1507 857 1579 sacerdotis,
878 1510 929 1583 qui
941 1511 973 1563 in

36 1593 203 1646 monasterio
229 1588 260 1646 S.
286 1586 388 1644 Caroli
416 1609 435 1644 o
460 1587 615 1648 carricare·
640 1593 740 1647 literar
767 1591 916 1647 hebraicas
941 1601 973 1663 et

37 1688 144 1742 graecas
161 1677 287 1747 juvenes
308 1671 434 1727 docebat.
477 1671 522 1744 ls,
543 1693 629 1749 quum
649 1673 801 1731 historiam
814 1672 974 1730 Bibliorurn

38 1753 134 1810 latinae
155 1756 303 1812 versionis
326 1751 467 1829 Vulgatae
487 1766 516 1812 ct
537 1755 627 1814 Italae
646 1769 712 1814 ante
730 1755 938 1832 Hieronymum
957 1775 974 1811 a

36 1856 370 1874 Ἣ

39 1915 153 1968 librorum
161 1923 279 1981 insignes
288 1923 433 1983 possident,
448 1928 512 1972 bene
521 1927 651 1972 mererent
660 1927 691 1971 de
701 1926 782 1971 literis
793 1927 819 1971 et
827 1924 973 1983 evangelio,

39 1985 58 2030 si
69 1988 180 2043 potiores
196 1991 298 2038 codices
316 1991 422 2038 biblicos
439 2005 470 2038 ea
484 1991 591 2038 solertia
605 1993 785 2050 etdiligentia‚
805 1991 974 2048 qucenostris

39 2051 116 2100 diebus
133 2059 277 2117 flagitatur,
297 2058 381 2104 denuo
401 2073 456 2106 cunr
474 2061 548 2106 textu
565 2060 632 2119 typis
651 2061 774 2117 impresso
790 2061 974 2117 compararent

40 2118 254 2181 Peregrinatorom
268 2126 430 2172 festinantius
444 2126 584 2173 ridentium
600 2127 682 2174 toallis
698 2128 723 2172 et
737 2126 890 2174 excusabilis
901 2139 975 2173 error

42 2189 80 2233 ert.
111 2191 150 2238 Ea
158 2193 263 2240 tandem
272 2195 387 2253 ratione,
403 2196 548 2252 praesumta
557 2207 659 2254 eornm,
675 2193 718 2252 qui
731 2194 781 2241 hoc
795 2193 883 2241 labore
898 2206 975 2242 exer-

44 2258 134 2317 centur,
149 2261 219 2306 tona
226 2259 298 2320 fide,
313 2261 434 2320 paulatim
449 2263 615 2320 perficeretur
625 2261 702 2308 editio
714 2262 744 2308 N.
756 2264 785 2308 T.
796 2276 857 2310 cere
871 2264 974 2318 critica,

44 2320 227 2374 incommodum
239 2331 264 2375 et
273 2328 395 2376 laetitiam
406 2329 607 2376 Christianorum
617 2331 734 2376 omnium.
743 2353 778 2364 -

100 2410 125 2468 1)
143 2415 166 2457 A
175 2426 264 2461 messe
275 2415 329 2460 Oet.
340 2427 363 2459 ι.
375 2415 440 2460 1831
452 2425 532 2468 usque
542 2413 573 2458 ad
583 2427 696 2460 usensem
705 2413 785 2472 April.
795 2427 818 2460 a.
829 2415 903 2460 1831.

101 2477 126 2536 2)
143 2478 175 2528 In
190 2495 269 2540 opere
284 2481 361 2538 hujus
377 2481 456 2526 tituli:
479 2479 508 2524 F.
517 2479 547 2526 F.
561 2481 668 2538 Finem,
681 2480 883 2544 wissenschastl.
899 2481 974 2528 Reice

47 2540 113 2588 durch
122 2545 169 2594 dua
179 2549 245 2596 cridl.
255 2547 444 2606 Deutaelrland,
454 2547 551 2594 Italica
557 2579 564 2602 ‚
576 2547 681 2594 Sicilien
690 2562 715 2594 ιι.
726 2548 900 2596 Franlrea'ch.
913 2550 942 2594 Τ.
952 2551 972 2594 1.

44 2611 106 2656 -lh
119 2613 188 2672 Lips.
200 2617 264 2662 1835
274 2639 309 2650 -
318 2617 393 2662 1838.
405 2619 429 2662 8.
446 2615 495 2662 duo
510 2615 610 2674 priores
621 2616 696 2662 Tomi
710 2616 832 2664 exhibent
845 2611 974 2662 narratio-

47 2685 94 2721 nem
104 2679 201 2730 itineris
211 2682 496 2744 (Ree'aebetcbree'bung)
502 2696 515 2742 ,·
530 2683 582 2728 tria
591 2695 663 2742 vero,
671 2697 735 2745 quae
745 2687 892 2742 sequuntur,
899 2683 973 2728 rolu-

46 2742 103 2790 mina
112 2751 244 2797 continent
253 2751 446 2798 dissertationes
456 2751 521 2798 varii
531 2751 687 2810 argumenti,
701 2754 774 2797 natas
788 2765 802 2798 e
815 2753 891 2798 rebus
901 2751 976 2796 theo-

45 2805 132 2872 logicis,
142 2817 272 2878 litorariis,
283 2822 309 2864 et
319 2818 405 2864 indole
415 2819 576 2877 populorum,
586 2819 654 2864 inter
663 2817 877 2877 peregrinandum
886 2820 976 2865 olrser-

49 2878 101 2924 vatis
120 2883 208 2938 (theol.
228 2885 433 2947 Reteefra'telrte).
470 2887 585 2940 Quorum
600 2885 729 2944 ultimum,
748 2884 827 2934 latine
846 2887 975 2946 scripturn,

48 2943 112 3019 etiarn
119 2949 164 2998 hac
175 2953 342 3011 inscriptione
353 2953 459 3012 prodiit:
477 2953 610 3000 Aneodota
620 2954 763 3000 maximam
768 2961 875 3014 partem
885 2969 975 3010 saera,

47 3021 68 3053 tt
79 3014 208 3068 itineribus
217 3021 321 3068 Italicis
338 3028 366 3068 et
375 3021 485 3068 Gallicis
498 3021 618 3069 collecta.
639 3021 720 3082 Lips,
735 3023 809 3068 1837,
824 3024 847 3066 8.
863 3023 895 3068 ad
908 3022 976 3079 quod

49 3077 119 3127 ‘litim
132 3088 179 3134 erit
191 3088 355 3135 redeundum.
389 3089 534 3136 Dolendnm
546 3101 609 3136 vero
625 3091 676 3148 est,
690 3089 822 3137 Anecdota
830 3089 975 3148 theologica

49 3154 92 3190 nou
101 3153 185 3201 eodem
194 3157 298 3202 fervore
310 3156 394 3214 excipi
404 3159 434 3202 ab
445 3157 586 3204 amantibus
595 3157 739 3217 literarum,
754 3171 827 3216 quam
836 3157 974 3216 philologi-

50 3223 81 3287 ‘i‘
111 3219 272 3282 Theolcgiois
288 3223 356 3269 enim
371 3223 481 3270 dissidiis
493 3227 518 3270 et
528 3224 740 3282 disputationibus
749 3223 823 3270 multi
833 3237 901 3270 nuno
910 3223 974 3269 adeo

52 3274 195 3350 distinenttrr,
206 3293 235 3336 ut
244 3303 306 3337 vera
315 3292 475 3338 incrementa
484 3291 629 3350 literarum,
645 3292 745 3348 quaein
756 3291 855 3348 seriptis
865 3290 975 3348 antiqui-

50 3345 99 3392 tatis
108 3353 256 3405 christianae
266 3358 404 3417 incognitis
414 3358 441 3404 in
455 3357 539 3407 lucem
547 3357 678 3406 trahendis
693 3361 845 3416 cernuntur,
860 3357 916 3416 plus
931 3371 975 3405 ac-

53 3422 234 3504 libneglilant.
