2206 3880
143 147 248 192 XLVIII
376 146 481 190 SIXTI
505 145 641 195 aUler
664 145 886 190 runnrlrro.

145 277 243 336 synodi
255 273 632 334 praercripto‚emeudatiaeima‚
644 273 815 330 pristinaeque
826 286 886 320 auae
896 275 1012 334 puritati,
1023 289 1077 332 quu-

143 362 175 406 lia
186 362 294 418 primum
308 362 338 405 ab
354 359 432 416 ipriue
447 356 593 413 interpretis
608 369 696 416 manu,
711 357 828 417 rtyloque
844 357 987 418 prodierat,
1004 359 1076 416 quoad

144 446 199 501 ejus
210 445 264 490 lieri
275 445 367 501 pateat,
378 441 494 486 rertltuta
504 440 668 498 imprimatur.
704 443 735 486 lu
749 441 796 488 bae
807 444 890 488 autem
901 444 1016 499 germani
1024 446 1074 489 tex·

140 533 180 574 tue
196 525 428 586 pervestigatione,
444 523 505 569 ratio
521 523 654 581 peripleue
668 525 737 571 inter
757 537 844 570 omner
860 528 973 585 coartat,
989 527 1075 572 nullum

139 614 313 668 argumentum
326 622 382 654 erre
398 607 503 664 certior,
519 621 548 653 ac
565 607 672 667 tirmior,
689 610 948 668 quamantiquorom,
963 612 1074 668 probato·

138 707 244 750 rumque
255 691 376 738 Codicum
391 691 541 738 Latinorum
552 691 637 753 fidem,
648 706 711 750 quor
721 696 772 738 tam
781 693 932 752 immernor,
947 707 1021 750 quarn
1030 707 1074 739 ma-

140 777 300 834 norcriptoe,
326 789 360 822 ex
378 775 541 822 Bibliothecir
564 776 641 823 varii·
660 777 847 834 conqulreudor
866 776 1017 822 curavimus.
1051 777 1073 820 lu

141 871 296 918 quacumque
311 859 389 917 igitur
403 859 513 905 lecitone
528 859 614 917 plurea
629 861 794 919 retortioreo,
809 861 883 918 atque
898 859 1072 906 emendatiore·

140 945 199 990 libri
214 943 360 990 conuentire
376 944 472 1002 reperti
486 947 557 1003 aunt,
573 957 603 990 ea
610 944 668 1001 jure
680 945 789 1002 optimo,
803 945 928 1000 tamquam
937 943 1071 1002 primigenii

140 1031 225 1073 textor
237 1031 327 1087 verba,
343 1031 386 1074 aut
401 1029 440 1074 hie
455 1029 564 1074 maxime
574 1028 692 1087 finitima,
706 1027 841 1075 retinenda
853 1027 1019 1074 decrevimur.
1049 1026 1070 1071 ld

140 1125 202 1157 vero
220 1113 251 1158 ad
266 1126 410 1171 germanam
425 1112 562 1158 editionem
577 1112 816 1171 courtabillendam,
834 1111 988 1170 praesidium
1001 1110 1070 1157 oicubi

140 1197 308 1243 decideratum
318 1199 370 1255 eat,
381 1201 441 1242 tuuc
452 1198 597 1240 sanctorum
607 1195 721 1253 Patrum,
734 1199 896 1252 veterumque
906 1195 1068 1252 exporitoruu

140 1282 328 1338 enarrationem,
342 1280 434 1337 quibua
446 1279 547 1324 diversa
556 1278 736 1335 scripturarum
746 1279 816 1335 loca,
832 1282 858 1324 et
870 1278 950 1325 libror
966 1277 1067 1324 illustra-

136 1369 210 1425 runt,
221 1364 333 1411 subsidio
350 1364 434 1408 tuere:
452 1363 478 1406 in
494 1361 595 1420 quibua,
611 1362 730 1420 quidquid
745 1377 759 1409 e
773 1375 802 1410 re
814 1366 903 1410 nortra
918 1364 1066 1408 observeton

136 1449 195 1506 luit,
212 1447 238 1493 id
251 1447 278 1493 lu
292 1446 367 1503 hujua
382 1445 467 1502 operia
486 1447 581 1502 partem
596 1446 718 1494 adscitum
729 1449 775 1494 ert.
810 1449 839 1492 ln
849 1447 880 1492 iia
890 1446 1003 1505 taudem,
1013 1457 1065 1502 quae

136 1545 218 1588 neque
229 1531 363 1587 GodIcum,
379 1543 461 1586 neque
472 1529 610 1575 Doctorum
622 1543 714 1588 magna
729 1531 900 1578 consensione
910 1530 972 1576 eatis
981 1529 1064 1576 munita

137 1617 300 1673 videbantur,
316 1614 348 1659 ad
362 1615 548 1672 Hebraeorum,
564 1613 768 1671 Graecorumque
788 1613 943 1673 exemplaria
958 1614 1063 1660 duxlnur

137 1698 344 1757 confortandum,
355 1711 407 1742 nou
418 1711 449 1742 eo
460 1701 553 1756 tameo,
563 1699 592 1744 ut
602 1697 660 1744 inde
670 1698 756 1744 Latini
765 1698 912 1757 interpretis
922 1701 1007 1745 errata
1016 1709 1064 1744 cor-

135 1785 290 1842 rigerentur,
301 1782 345 1828 red
355 1785 382 1827 ut
391 1781 419 1826 iu
429 1794 517 1828 corum
527 1785 663 1828 verborum
672 1783 766 1842 locum,
776 1795 849 1843 quae,
860 1797 916 1830 cum
930 1782 996 1840 apud
1004 1779 1062 1827 Lati-

136 1881 184 1914 noa
194 1867 309 1926 ambigua
319 1867 382 1926 rint,
397 1867 554 1924 potuirrent,
570 1879 620 1923 qno
631 1880 683 1912 uon
694 1870 841 1926 oporteret,
858 1867 966 1926 inflecti,
978 1867 1062 1912 certon
1089 1877 1090 1929 l

136 1952 244 2010 aliquid,
256 1955 333 2009 atque
343 1951 508 1998 indubitatum
517 1951 690 2010 aulllceretur,
705 1951 760 1998 aive
770 1955 809 2010 ut,
820 1952 886 2009 quod
896 1951 962 2010 apud
971 1963 1017 1996 nor
1026 1960 1062 1994 vr·
1088 1975 1089 2034 q

135 2037 257 2083 riaatlbua
273 2034 410 2084 codicum
427 2036 590 2094 incenatum,
610 2035 751 2095 diversum,
771 2049 800 2082 ac
814 2035 948 2093 multiplex
962 2037 1027 2091 erat,
1043 2030 1062 2075 id
1087 2087 1088 2090 Ἴ

135 2121 426 2178 nullamne,conaonum,
437 2119 560 2174 uniuaque
571 2119 648 2176 modi,
658 2119 772 2176 ipaorum
782 2119 890 2166 fontium
899 2119 1005 2165 verItate
1014 2127 1061 2174 per·
1087 2093 1088 2139 ¹

135 2209 229 2262 specta,
240 2203 391 2248 concitetor.
423 2201 556 2259 Sapienter
567 2201 633 2248 enlm
644 2205 670 2250 b.
680 2203 850 2262 Hlerouymua
859 2203 883 2262 ¹⁸)
895 2203 921 2252 in
933 2202 1060 2261 explauau·
1086 2183 1087 2243 l

135 2289 173 2334 dir
183 2287 262 2334 uacrir
273 2285 405 2343 rcripturir
414 2285 512 2330 Ductor
521 2285 644 2332 maximus
655 2287 819 2345 admonebat,
829 2291 857 2333 ot
867 2285 1060 2344 quemadmodum
1085 2283 1086 2349 l

135 2375 160 2419 iu
171 2385 240 2418 novo
252 2372 429 2429 Testamenta,
444 2369 465 2414 ai
475 2369 575 2426 quaudo
588 2369 654 2426 apud
664 2371 770 2417 batlnoa
780 2371 893 2428 quaestio
904 2371 1030 2426 exoritur,
1043 2365 1061 2410 el
1084 2393 1085 2453 q

135 2459 174 2502 ert
184 2457 250 2501 inter
260 2453 416 2512 exenrplaria
424 2455 543 2512 varietur,
556 2453 588 2498 ad
598 2455 695 2500 fontem
707 2455 797 2502 Graeci
808 2455 947 2513 aemonia,
964 2466 1012 2510 quo
1021 2461 1059 2496 uo-

137 2553 194 2586 vum
205 2541 392 2585 Tertamentum
407 2540 446 2584 ert
461 2538 596 2596 scriptum,
611 2539 710 2585 recurri
720 2539 798 2586 uolet:
822 2540 857 2586 ita
866 2539 888 2584 ei
898 2537 996 2594 quando
1007 2535 1060 2580 inter
1083 2511 1084 2557 Ὺ

137 2627 263 2682 Graecos,
279 2623 436 2679 Latinaeque
453 2622 638 2670 diversitatem
654 2623 681 2668 iu
692 2623 958 2680 veteri'l'ertamento,
973 2613 1059 2666 tuucad
1082 2609 1083 2663 l

135 2711 275 2756 Hebraeum
285 2719 445 2753 recurramur
456 2706 595 2765 veritatem,
609 2711 635 2752 ut
645 2706 764 2763 quidquid
775 2706 805 2752 de
815 2708 886 2752 fonte
897 2704 1058 2764 prolicircitun
1081 2727 1082 2767 ,

135 2795 184 2840 huo
193 2805 341 2850 quaeramur
352 2792 379 2836 in
387 2790 489 2838 rivulis:
507 2789 657 2847 quodetiam
673 2797 698 2842 b.
706 2791 861 2850 Augustinus
871 2784 894 2850 ὅ)
906 2790 947 2849 iir,
957 2789 1000 2847 qui
1009 2783 1059 2834 acn-
1080 2825 1081 2871 1

135 2883 232 2935 pturam
245 2878 368 2933 tractant,
387 2875 454 2921 iuter
472 2874 535 2922 aliar
550 2874 651 2933 regular
667 2874 778 2922 tradidit
812 2873 975 2922 Laudabilem
990 2873 1058 2927 itaque

134 2963 279 3006 renatorum
293 2961 395 3006 Petrum
410 2959 616 3007 consuetudinem
631 2958 753 3018 religione
768 2959 848 3006 recuti
862 2971 960 3016 cornua,
976 2951 1057 3002 dumio

134 3046 178 3097 iia,
194 3058 257 3100 quae
272 3044 337 3100 aqud
346 3043 451 3090 Latinae
467 3043 540 3089 nimiu
555 3043 670 3102 ambigue
681 3043 760 3102 dieta,
776 3055 821 3089 reu
834 3039 1057 3090 variatababeutub
1078 3023 1079 3082 l

134 3129 278 3185 Hebraeae,
293 3127 454 3184 Graecaeque
463 3127 565 3185 linguae
576 3127 659 3187 tidem,
677 3131 702 3174 et
712 3127 819 3174 (iudicer
828 3126 1000 3186 iuepeximua;
1016 3117 1056 3172 retr

132 3267 467 3279 -η--ι-ιο-

157 3396 161 3406 .
189 3351 214 3402 n)
231 3347 257 3389 Iu
271 3323 370 3402 epietoln
385 3347 413 3388 od
429 3347 521 3388 Sunium
538 3351 560 3389 et
571 3345 772 3390 Frerellarnffrnm.
787 3353 807 3390 3.
838 3347 862 3401 b)
878 3346 902 3388 S·
914 3345 971 3397 Arrg.
987 3344 1001 3385 l.
1012 3336 1056 3382 Μ·

134 3421 200 3463 Doct.
217 3419 299 3464 Christ.
315 3432 365 3474 cap.
381 3423 413 3462 ll.
430 3425 453 3462 ct
467 3423 501 3462 ¹5.
513 3419 580 3462 Touo.
595 3424 615 3461 3.
633 3425 656 3462 et
670 3419 712 3462 Lib
738 3426 771 3464 ll.
782 3426 861 3463 eontra
871 3419 980 3462 Feurtum
990 3411 1056 3468 cap-²·

134 3492 230 3534 Tomb.
