2206 3880
221 149 498 196 couuunrarlo
528 151 736 196 maenalus.
848 153 946 197 XXXV

10 285 66 338 rins
84 289 205 350 auctor,
223 288 255 335 ot
271 281 381 336 veteris
398 289 532 336 mutator.
575 277 708 336 Similem
720 280 947 338 moderationem

12 367 39 419 io
53 363 99 419 his
119 362 265 434 ostendit,
285 381 359 437 quae
375 364 458 436 plane
475 379 551 418 nova
570 361 696 418 confecit
711 363 864 436 vertend03
885 367 946 438 pri-

11 466 67 502 mus
79 455 178 502 autem
192 454 221 500 et
233 445 376 502 secundus
389 447 446 500 viri
460 445 540 500 labor
553 447 586 500 in
599 448 661 518 ejus
670 444 812 520 Operibus
824 464 861 500 ne
874 449 945 504 satis

12 528 120 605 quidem
140 528 283 604 distingui
301 528 408 603 ubique
424 545 502 584 nunc
521 537 625 602 potest.
667 525 701 582 ln
714 528 748 583 V.
765 527 799 584 T.
812 547 882 584 usus
902 539 946 586 est

11 621 118 686 praeter
126 604 215 678 κοινὴν
221 606 442 666 tumHebraicis
454 613 537 684 ipsis,
546 618 607 665 tum
620 619 704 666 textu
718 609 944 684 antehexaplari,

12 692 155 768 hexaplari
174 693 322 769 Originis,
344 702 373 748 et
387 692 611 768 porthexaplari.
653 692 719 748 lam
735 713 822 769 quum
838 692 945 750 Hiero-

12 795 136 852 nymum,
151 795 222 832 suae
235 777 337 830 aetatis
347 785 575 850 praeceptorem,
592 777 813 852 linguarumque
826 777 945 832 biblica·

12 877 69 914 rnm
80 860 258 915 multisonis
271 859 423 930 sumtibus,
437 859 606 929 itineribus,
631 858 792 934 studiisque
803 861 834 914 in
846 861 945 933 paucis

15 959 143 1018 gnarum,
165 943 348 1016 perspicuum
361 943 414 1012 sit,
435 943 498 1016 ipso
512 950 662 1011 narrante,
683 941 847 998 adhibuisse
864 944 895 996 in
908 941 945 998 N.

16 1023 44 1079 T.
62 1026 152 1079 latino
175 1023 301 1080 sanando
321 1023 434 1079 codices
453 1043 573 1100 graecos
592 1025 810 1099 antiquissimos
829 1034 858 1080 et
870 1027 945 1098 opti-

15 1125 68 1162 mos
80 1107 219 1183 Origenis
238 1115 323 1182 atque
339 1105 447 1177 Pierii,
466 1125 550 1162 nemo
568 1107 702 1183 negabit,
724 1109 781 1162 iter
799 1127 865 1163 eum
883 1127 947 1164 esse

17 1192 186 1265 ingressum,
200 1208 286 1246 verae
300 1191 415 1244 critices
428 1191 538 1266 regulis
552 1197 775 1245 consentaneum
788 1199 817 1244 et
830 1188 884 1246 bae
898 1209 946 1246 ae-

17 1281 67 1326 tate
77 1273 282 1328 rectissimum
325 1269 384 1327 Sed
396 1270 442 1327 bis
455 1275 591 1342 vinculis,
605 1272 708 1347 quibus
723 1289 788 1328 enus
800 1272 946 1346 praejudi-

19 1365 89 1409 catae
102 1356 267 1430 aequalium
280 1356 429 1428 opiniones
441 1358 687 1425 constrinxerunt,
696 1371 755 1409 uon
766 1373 799 1409 eo
810 1354 946 1428 expedire

19 1457 43 1491 se
55 1440 160 1510 potuit,
181 1446 215 1492 ιιι
233 1438 293 1492 suis
305 1439 367 1510 ipse
378 1439 529 1512 principiis
544 1440 615 1494 satis
628 1439 799 1493 eonstiterit.
841 1436 947 1494 Praxis

20 1523 73 1591 ejus
89 1522 193 1576 critica
210 1519 378 1593 imperfecta
390 1523 537 1578 remansit.
579 1519 680 1596 Neque
692 1528 759 1575 ante
772 1529 907 1577 octavum
918 1539 945 1592 p.

21 1600 78 1656 Chr.
89 1605 236 1658 saeculum
248 1602 356 1656 factum
368 1612 423 1673 est,
431 1612 464 1658 ut
475 1602 547 1659 haec
559 1606 656 1660 versio
671 1603 785 1676 publica
798 1603 948 1658 doctorum

21 1693 43 1738 et
55 1687 150 1760 populi
163 1687 336 1740 auctoritate
347 1695 508 1757 ornaretur,
521 1688 636 1742 nemine
644 1685 761 1741 tandem
769 1695 948 1760 repugnante

21 1777 44 1820 et
55 1768 89 1823 ad
103 1787 183 1838 eam,
201 1785 274 1843 quae
286 1776 353 1822 ante
364 1765 574 1844 Hieronymum
585 1769 691 1838 fuerat,
705 1769 858 1824 obcaecato
869 1767 948 1840 judi-

22 1849 87 1905 dicio
99 1859 276 1906 recurrente.
318 1849 388 1922 Sed,
403 1851 479 1926 quod
491 1856 573 1926 pejus
587 1861 659 1922 crat,
675 1851 746 1906 adeo
762 1859 891 1906 correcta
905 1860 949 1904 est

23 1941 46 1986 et
56 1932 207 2008 depravata
219 1933 374 1990 multorum
392 1935 587 1990 additionibus
604 1943 633 1988 et
650 1933 856 1988 mutationibus
870 1951 885 1986 e
898 1951 948 1986 ve-

22 2016 180 2072 tustioribus
194 2017 385 2072 monumentis
403 2019 526 2093 aliisque
545 2035 582 2072 ex
595 2017 689 2071 causis
702 2013 774 2070 baec
785 2015 948 2084 translatio,

22 2107 49 2151 ot
59 2107 184 2173 tempore
198 2101 349 2154 convocati
367 2101 484 2154 concilii
502 2098 668 2154 Tridentini
681 2115 756 2153 nova
768 2091 838 2164 κοινὴ
851 2095 949 2158 ἔκδυσις

23 2192 156 2256 corrupta,
170 2191 199 2236 et
212 2201 246 2236 ea
258 2179 495 2260 Hieronymiana,
509 2181 643 2238 adfuerit.
686 2179 790 2236 Sixtus
801 2179 836 2236 V.
850 2189 949 2236 eontra

22 2259 85 2318 bane
96 2275 205 2339 pestem
219 2265 275 2320 ivit
292 2264 418 2336 fortiter,
431 2265 551 2321 sednon
565 2265 698 2321 feliciter.
727 2261 858 2319 Clemens
872 2261 948 2319 Vlll.

24 2350 181 2404 retractavit
197 2350 387 2404 antecessoris
411 2367 539 2418 errores,
560 2366 636 2404 nova
657 2349 881 2422 congregatione
897 2365 949 2402 vo-

26 2438 80 2484 cata
99 2431 135 2486 ad
155 2429 376 2501 emendandum,
399 2431 450 2486 sed
468 2430 540 2486 haee
559 2431 647 2485 etiam
658 2447 716 2484 uon
730 2429 767 2484 ab
777 2431 856 2484 oraui
869 2438 950 2502 parte

25 2514 170 2583 praestitit,
190 2512 266 2588 quod
282 2513 484 2588 praestandum
506 2521 575 2569 erat.
618 2511 758 2568 Nostrum
775 2513 866 2588 igitur
885 2511 950 2566 offi-

27 2595 92 2650 cium
104 2603 157 2666 est,
170 2597 291 2650 latinum
303 2605 430 2666 textum,
445 2606 583 2672 quantum
593 2595 658 2650 fieri
674 2603 779 2668 potest,
793 2596 950 2649 accuratis-

26 2677 87 2732 sime
100 2687 128 2734 et
140 2677 177 2733 ad
186 2675 356 2754 Hieronymi
365 2681 468 2734 aetatis
481 2681 648 2754 imaginem,
658 2687 687 2732 et
695 2677 732 2732 ad
741 2695 804 2732 eam
817 2675 950 2744 formam,
990 2745 992 2752 Ι

27 2775 101 2830 quam
115 2763 178 2834 ipse
193 2763 337 2832 restituit,
357 2778 510 2832 revocare,
541 2761 572 2816 id
590 2779 659 2816 vero
679 2778 749 2833 opus
773 2758 894 2813 arduum
917 2767 951 2813 ut

26 2842 192 2912 perficiatur,
221 2845 357 2920 exiguam
374 2863 455 2918 spem
470 2846 603 2898 relictam
621 2861 699 2912 esse,
720 2859 803 2896 nemo
822 2840 949 2916 negabit,

27 2925 67 2995 qni
80 2925 138 2982 fata
151 2929 294 2982 versionis
307 2929 442 3003 vulgatae
456 2927 600 2982 subtiliter
615 2927 792 3002 cognoverit.
822 2921 949 2979 Tentan-

27 3003 83 3061 dum
94 3018 189 3064 tamen
202 3019 256 3080 est,
269 3019 302 3064 ut
315 3012 497 3084 assequaris,
512 3011 537 3064 si
551 3027 609 3063 non
622 3007 698 3082 quod
712 3009 810 3082 cupias
825 3015 854 3062 et
865 3008 949 3076 velis,

28 3099 107 3160 certe,
127 3091 203 3166 quod
219 3095 321 3166 possis.
364 3093 401 3146 At
411 3111 480 3148 vero
502 3095 534 3146 in
551 3091 606 3147 hac
623 3109 657 3146 re
670 3090 795 3167 gerenda
807 3091 950 3147 versionis

28 3169 122 3228 latinae
134 3175 224 3249 ipsius
238 3177 332 3231 minus
346 3177 471 3249 pretium
484 3185 544 3247 est;
562 3175 594 3229 id
606 3175 701 3248 potius
716 3175 863 3247 quaeritur
874 3173 951 3245 peri-

28 3253 143 3330 tis,qnid
156 3261 266 3331 exejus
280 3259 480 3334 antiquissimo
496 3258 595 3313 codiee
607 3275 658 3331 pro
672 3275 781 3332 graeco
790 3263 873 3310 textu
885 3271 951 3327 pos-

30 3336 62 3390 sis
81 3339 193 3394 lucrari.
235 3337 311 3396 Nam
331 3343 363 3396 iu
382 3343 501 3418 vulgata
519 3342 653 3397 versione
673 3339 763 3392 multa
782 3339 868 3406 bene,
893 3337 951 3390 imo

29 3423 162 3488 praeclare
171 3425 310 3480 unuslata
320 3433 396 3496 sunt,
405 3426 462 3481 alia
474 3424 669 3491 mediocriter,
679 3422 736 3476 alia
749 3429 808 3474 tam
822 3419 952 3488 obscure,
