2206 3880
226 113 336 158 Slxrl
360 115 497 165 QUINTI
519 117 744 162 Passieno.
911 118 952 160 Lv

14 245 133 302 impressa
151 242 233 290 Biblia
249 242 326 301 hujus
345 243 421 290 mom
434 243 558 302 Vulgatse
574 243 707 304 editionis,
727 247 759 292 ob
781 246 954 294 characterum

16 329 186 388 venustatem,
203 341 250 374 seu
264 328 296 374 ob
311 326 414 384 aliquod
423 327 524 387 insigne
539 328 635 374 codicis
650 331 840 388 oruamentum,
856 330 910 376 sive
921 333 953 376 ob

14 411 188 470 impressionis
198 411 392 470 praestantiam,
404 411 446 458 vel
456 414 488 459 ob
497 413 644 460 notabones
656 413 687 458 ad
696 412 836 471 marginem
845 414 953 472 scriptas

14 499 189 556 asservantur,
204 499 230 542 et
237 497 312 554 juxta
320 497 436 542 nmirum
445 495 495 542 boc
504 497 635 555 exemplar
645 497 777 544 emendate
785 510 839 544 non
847 498 953 556 inerint,

14 595 40 626 ea
51 581 135 640 iniis,
153 593 218 638 quae
233 580 292 628 hnic
306 581 411 626 nostrae
425 579 533 628 editioni
546 595 600 628 non
615 581 805 640 consenserint,
821 581 953 628 nullamin

14 667 140 722 posterum
149 666 238 724 iidem,
253 663 398 722 nullamque
408 664 583 712 auctoritatem
595 665 710 714 habitura
719 679 775 712 esse
786 665 953 723 decernimus,

16 762 40 795 ar
54 749 228 796 declaramus:
250 747 399 794 mandantes
413 748 555 807 universis,
572 752 597 794 ct
606 748 713 808 siugulis
723 749 889 808 Petriarcbis,
903 752 953 795 Ar-

15 833 189 892 cbiepisoopis,
199 831 343 890 Episcopis,
370 831 511 887 ceterisque
520 833 706 893 Ecclesiarum,
719 833 870 880 etlooorum
879 834 954 880 etiam

15 917 167 976 regularium
176 915 310 975 Praelatio,
320 929 366 974 per
374 915 523 962 universum
533 919 621 962 orbem
630 917 783 976 constitutis,
795 920 822 964 ut
831 931 954 974 praescu-

17 1007 62 1050 tem
77 1001 289 1048 constitutionem
302 999 330 1046 iu
344 999 396 1046 suis
411 999 516 1056 quisque
531 999 660 1059 ecclesiis,
675 1001 829 1061 provinciis,
844 1001 955 1050 civitati-

17 1089 71 1144 bus,
85 1085 262 1144 dioecesibus,
277 1085 302 1130 et
312 1082 534 1142 jurisdictionibus
544 1087 634 1130 curent
643 1088 781 1142 perpetuo,
796 1086 914 1144 firmiter,
930 1090 956 1134 et

18 1170 135 1218 inviolate
153 1172 185 1216 ab
205 1168 320 1214 omnibus
340 1166 485 1226 observari,
506 1167 719 1226 contradictores,
739 1171 765 1216 et
779 1169 955 1218 inobedientes

18 1267 58 1310 per
68 1266 189 1300 censuras
199 1252 402 1320 Ecclesiasticus,
413 1251 513 1309 aliaque
523 1255 668 1310 opportuna
675 1253 755 1313 juris,
766 1256 792 1300 et
801 1255 862 1300 facti
871 1267 955 1304 reme·
975 1267 979 1278 ·

20 1337 67 1396 die,
77 1337 249 1398 appellatione
258 1336 413 1396 postposita,
425 1337 623 1396 compescendo,
638 1337 758 1384 invocato
772 1338 888 1386 etiamad
898 1339 955 1397 boc,

21 1421 40 1466 si
49 1436 110 1480 opus
120 1420 211 1480 inerit,
221 1418 320 1466 anxilio
330 1421 427 1468 brachii
437 1421 590 1481 saecuhris,
601 1435 654 1468 uon
664 1423 821 1470 obstantibus
832 1424 957 1470 constitu-

21 1505 140 1564 tionibus,
149 1506 175 1552 et
185 1504 389 1552 ordinationibus
399 1505 561 1565 apostolicis,
577 1508 652 1563 atque
662 1506 690 1552 in
705 1507 880 1566 generalibus,
895 1522 956 1566 pro-

24 1589 181 1650 vincialibus,
197 1588 238 1634 vel
252 1588 416 1648 synodalibus
428 1590 549 1636 Consiliis
560 1589 647 1650 editis,
661 1604 709 1636 neo
719 1603 772 1638 non
782 1605 958 1649 quarumcum-

23 1688 66 1730 que
81 1674 257 1730 eoclesiarum,
276 1674 406 1733 ordinum,
427 1675 667 1734 congregationum,
688 1675 868 1734 collegiorum,
883 1678 958 1732 atque

24 1759 222 1816 universitatum,
235 1757 310 1803 etiam
320 1758 459 1804 studiorum
470 1759 642 1817 generalium,
653 1759 812 1818 iuramento,
824 1761 958 1806 coufirma-

26 1843 91 1890 tione
108 1842 264 1902 apostolica,
282 1841 324 1888 vel
339 1843 428 1900 quavis
447 1843 563 1890 firmitate
577 1841 628 1888 alia
641 1842 782 1902 roboratis,
802 1843 914 1901 statutis,
934 1845 960 1889 et

24 1926 256 1984 consuetudinibus,
271 1925 347 1974 etiam
357 1929 387 1973 ab
397 1926 590 1973 immemorabili
599 1930 714 1984 tempore
724 1927 826 1984 pacifice
836 1929 959 1972 observa-

24 2011 61 2070 tis,
70 2011 209 2070 privilegiis
220 2023 328 2069 qnoque,
339 2011 457 2071 indultis,
468 2014 494 2058 et
503 2011 595 2057 litteris
606 2009 768 2069 apostolicis,
779 2009 831 2056 illis
836 2040 845 2065 ‚
856 2021 959 2055 eorum-

25 2109 68 2151 que
79 2097 118 2142 vel
127 2109 213 2143 earnm
222 2094 355 2156 Praelatio,
366 2095 560 2155 Superioribus,
571 2097 597 2142 et
605 2094 723 2152 personis
731 2105 779 2152 per
788 2105 960 2152 quoscumque

26 2179 146 2226 Romanos
164 2179 314 2239 Pontifices,
335 2179 545 2238 praedecessores
563 2181 679 2238 nostros,
698 2193 728 2225 ac
744 2191 806 2238 nos,
826 2180 851 2224 et
869 2177 960 2224 Sedem

26 2264 172 2318 praedictam
187 2265 259 2309 motu
272 2263 392 2323 proprio,
407 2266 473 2310 etex
488 2265 558 2310 certa
572 2261 692 2321 scientia,
708 2263 788 2320 deque
803 2261 960 2319 apostolicae

28 2348 151 2404 potestatis
161 2347 331 2407 plenitudine,
347 2350 373 2394 et
381 2347 444 2394 alias
455 2349 500 2394 sub
510 2347 706 2404 quibuscumque
715 2347 861 2406 tenoribus,
871 2349 897 2392 et
905 2347 962 2392 ior-

27 2431 82 2490 mis,
98 2435 122 2478 et
135 2446 192 2478 cnm
207 2431 335 2488 quibusvis
350 2431 426 2478 etiam
436 2431 655 2489 derogatoriarum
666 2429 844 2490 derogatoriis,
855 2429 961 2487 aliisque

30 2515 205 2564 efficacioribus
211 2546 218 2573 ,
230 2517 256 2564 et
265 2516 377 2562 insolitis
387 2514 521 2574 clausulis,
532 2514 740 2570 irritantibusque
750 2516 776 2560 et
785 2514 841 2561 aliis
853 2514 960 2560 decretis

30 2596 53 2642 in
62 2612 165 2660 genere,
181 2599 223 2646 vel
236 2599 263 2644 in
273 2599 358 2658 specie
368 2599 559 2657 quomodolibet
568 2597 710 2654 comesis,
721 2600 747 2643 et
756 2598 856 2656 saepius
866 2609 961 2654 appro-

30 2682 95 2742 batis,
105 2686 130 2730 et
138 2683 276 2729 innovetis.
313 2683 409 2736 Quibus
420 2685 548 2742 omnibus,
560 2685 586 2730 et
595 2681 711 2740 singulis,
722 2680 819 2726 etiamsi
830 2681 857 2725 in
870 2681 907 2726 eis
918 2693 961 2727 ca-

31 2769 109 2813 veatur
124 2779 260 2826 expresse,
280 2768 347 2824 quod
361 2769 412 2814 illis
427 2768 585 2824 nullatenus,
605 2768 714 2812 autnon
728 2763 778 2808 nisi
793 2763 823 2809 de
834 2776 960 2809 consensu

31 2853 145 2897 certarum
158 2863 340 2910 personarum,
357 2852 398 2908 vel
409 2852 459 2898 nisi
473 2853 518 2898 sub
533 2849 609 2897 certis
624 2847 699 2894 modo
714 2849 739 2892 et
749 2847 903 2894 formainibi
913 2861 960 2894 ex-

31 2935 128 2994 pressis,
145 2935 265 2992 derogari
275 2935 370 2994 possit,
381 2938 407 2982 et
416 2935 479 2981 alias
489 2937 572 2982 factae
582 2931 762 2990 derogationes
772 2930 857 2976 nullae
868 2931 920 2977 sint
929 2945 960 2978 eo

31 3015 87 3076 ipro,
97 3031 126 3065 ac
135 3031 182 3077 pro
193 3018 296 3064 illorum
307 3019 443 3066 sufficienti
452 3018 629 3078 derogatione,
640 3016 670 3062 de
679 3015 740 3075 iliis,
752 3027 890 3072 eorumque
899 3017 960 3062 totis

30 3101 165 3162 tenoribus,
184 3102 301 3162 specialis
307 3134 315 3162 ,
334 3104 464 3163 specifica,
484 3105 510 3150 et
524 3115 646 3161 expressa
659 3100 755 3148 mentio
768 3100 897 3160 habenda,
916 3114 962 3146 seu

32 3187 125 3238 quaevis
134 3186 185 3233 elie
195 3187 322 3244 exquisita
331 3189 413 3234 iorma
423 3189 512 3235 adhoc
523 3185 648 3234 servanda
657 3185 731 3232 iuret.
751 3184 962 3242 Tenoresbujus-

32 3269 91 3315 modi
107 3283 153 3328 pro
173 3271 303 3329 expressis
322 3271 443 3318 habentes
464 3270 495 3316 ad
509 3271 625 3318 effectum
639 3268 809 3328 praesentium
824 3268 962 3326 dumtaxat,

35 3350 188 3415 derogamus,
203 3367 233 3402 ac
246 3355 364 3402 nolumus
378 3355 424 3400 illa
437 3354 552 3411 cuiquam
562 3355 684 3401 adversus
694 3351 832 3410 praemissa
841 3352 867 3397 in
877 3351 963 3408 aliquo

34 3438 169 3498 suffragari3
188 3441 241 3500 aut,
252 3439 273 3486 si
284 3439 408 3497 aliquibus
419 3439 600 3498 communiter,
612 3436 653 3484 vel
663 3435 762 3482 divisim
777 3437 807 3482 ab
822 3435 964 3492 apostoliea
