<?xml version="1.0" encoding="UTF-8"?>
<!DOCTYPE html PUBLIC "-//W3C//DTD XHTML 1.0 Transitional//EN"
    "http://www.w3.org/TR/xhtml1/DTD/xhtml1-transitional.dtd">
<html xmlns="http://www.w3.org/1999/xhtml" xml:lang="en" lang="en">
 <head>
  <title>
</title>
<meta http-equiv="Content-Type" content="text/html;charset=utf-8" />
  <meta name='ocr-system' content='tesseract 3.04.00' />
  <meta name='ocr-capabilities' content='ocr_page ocr_carea ocr_par ocr_line ocrx_word'/>
</head>
<body>
  <div class='ocr_page' id='page_1' title='image "./novumtestamentu00flecgoog/novumtestamentu00flecgoog_0028.png"; bbox 0 0 2206 3880; ppageno 0'>
   <div class='ocr_carea' id='block_1_1' title="bbox 150 127 881 180">
    <p class='ocr_par' dir='ltr' id='par_1_1' title="bbox 150 127 881 180">
     <span class='ocr_line' id='line_1_1' title="bbox 150 127 881 180; baseline -0.011 0"><span class='ocrx_word' id='word_1_1' title='bbox 150 135 200 180; x_wconf 82' lang='lat' dir='ltr'><strong>XX</strong></span> <span class='ocrx_word' id='word_1_2' title='bbox 365 127 644 176; x_wconf 70' lang='lat' dir='ltr'><strong>communrsrio</strong></span> <span class='ocrx_word' id='word_1_3' title='bbox 672 127 881 174; x_wconf 76' lang='lat' dir='ltr'><strong>Issooalcs.</strong></span> 
     </span>
    </p>
   </div>
   <div class='ocr_carea' id='block_1_2' title="bbox 150 256 1081 1076">
    <p class='ocr_par' dir='ltr' id='par_1_2' title="bbox 150 256 1081 1076">
     <span class='ocr_line' id='line_1_2' title="bbox 153 256 1081 336; baseline -0.009 -16"><span class='ocrx_word' id='word_1_4' title='bbox 153 267 218 320; x_wconf 84' lang='lat' dir='ltr'><strong>culn</strong></span> <span class='ocrx_word' id='word_1_5' title='bbox 238 279 404 336; x_wconf 86' lang='lat' dir='ltr'><strong>suppressus</strong></span> <span class='ocrx_word' id='word_1_6' title='bbox 430 268 473 316; x_wconf 90' lang='lat' dir='ltr'><strong>est</strong></span> <span class='ocrx_word' id='word_1_7' title='bbox 500 258 569 314; x_wconf 89' lang='lat' dir='ltr'><strong>ordo</strong></span> <span class='ocrx_word' id='word_1_8' title='bbox 583 257 788 314; x_wconf 83' lang='lat' dir='ltr'><strong>monachorum</strong></span> <span class='ocrx_word' id='word_1_9' title='bbox 802 256 1046 314; x_wconf 68' lang='lat' dir='ltr'><strong><em>cisterciensium</em></strong></span> <span class='ocrx_word' id='word_1_10' title='bbox 1062 261 1081 312; x_wconf 87' lang='lat' dir='ltr'><strong>in</strong></span> 
     </span>
     <span class='ocr_line' id='line_1_3' title="bbox 152 340 1081 418; baseline -0.009 -16"><span class='ocrx_word' id='word_1_11' title='bbox 152 345 291 416; x_wconf 77' lang='lat' dir='ltr'><strong><em>Etruria,</em></strong></span> <span class='ocrx_word' id='word_1_12' title='bbox 305 345 354 418; x_wconf 89' lang='lat' dir='ltr'><strong>qui</strong></span> <span class='ocrx_word' id='word_1_13' title='bbox 369 361 427 397; x_wconf 86' lang='lat' dir='ltr'><strong>non</strong></span> <span class='ocrx_word' id='word_1_14' title='bbox 440 359 497 398; x_wconf 89' lang='lat' dir='ltr'><strong>uno</strong></span> <span class='ocrx_word' id='word_1_15' title='bbox 512 340 594 396; x_wconf 89' lang='lat' dir='ltr'><strong>modo</strong></span> <span class='ocrx_word' id='word_1_16' title='bbox 609 343 824 415; x_wconf 86' lang='lat' dir='ltr'><strong>asimplieitate</strong></span> <span class='ocrx_word' id='word_1_17' title='bbox 838 348 867 394; x_wconf 90' lang='lat' dir='ltr'><strong>et</strong></span> <span class='ocrx_word' id='word_1_18' title='bbox 876 341 1035 396; x_wconf 87' lang='lat' dir='ltr'><strong>severitate</strong></span> <span class='ocrx_word' id='word_1_19' title='bbox 1047 358 1081 394; x_wconf 86' lang='lat' dir='ltr'><strong>an-</strong></span> 
     </span>
     <span class='ocr_line' id='line_1_4' title="bbox 152 420 1080 502; baseline -0.006 -19"><span class='ocrx_word' id='word_1_20' title='bbox 152 429 286 502; x_wconf 88' lang='lat' dir='ltr'><strong>tiquioris</strong></span> <span class='ocrx_word' id='word_1_21' title='bbox 301 426 468 498; x_wconf 87' lang='lat' dir='ltr'><strong>disciplinae</strong></span> <span class='ocrx_word' id='word_1_22' title='bbox 482 424 716 498; x_wconf 80' lang='lat' dir='ltr'><strong>degeneraverat.</strong></span> <span class='ocrx_word' id='word_1_23' title='bbox 761 420 884 478; x_wconf 79' lang='lat' dir='ltr'><strong>Chartae</strong></span> <span class='ocrx_word' id='word_1_24' title='bbox 904 424 1000 498; x_wconf 88' lang='lat' dir='ltr'><strong>igitur</strong></span> <span class='ocrx_word' id='word_1_25' title='bbox 1013 424 1080 477; x_wconf 90' lang='lat' dir='ltr'><strong>tabu·</strong></span> 
     </span>
     <span class='ocr_line' id='line_1_5' title="bbox 152 505 1080 580; baseline -0.01 -14"><span class='ocrx_word' id='word_1_26' title='bbox 152 511 219 566; x_wconf 86' lang='lat' dir='ltr'><strong>lorii</strong></span> <span class='ocrx_word' id='word_1_27' title='bbox 233 509 368 565; x_wconf 88' lang='lat' dir='ltr'><strong>ditissimi</strong></span> <span class='ocrx_word' id='word_1_28' title='bbox 381 516 410 561; x_wconf 90' lang='lat' dir='ltr'><strong>et</strong></span> <span class='ocrx_word' id='word_1_29' title='bbox 422 507 508 580; x_wconf 88' lang='lat' dir='ltr'><strong>pauci</strong></span> <span class='ocrx_word' id='word_1_30' title='bbox 516 505 708 562; x_wconf 81' lang='lat' dir='ltr'><strong>bibliothecae</strong></span> <span class='ocrx_word' id='word_1_31' title='bbox 720 505 833 560; x_wconf 85' lang='lat' dir='ltr'><strong>codices</strong></span> <span class='ocrx_word' id='word_1_32' title='bbox 842 507 1013 578; x_wconf 76' lang='lat' dir='ltr'><strong>superstites</strong></span> <span class='ocrx_word' id='word_1_33' title='bbox 1023 507 1080 560; x_wconf 87' lang='lat' dir='ltr'><strong>male</strong></span> 
     </span>
     <span class='ocr_line' id='line_1_6' title="bbox 152 585 1080 664; baseline -0.011 -14"><span class='ocrx_word' id='word_1_34' title='bbox 152 592 248 650; x_wconf 85' lang='lat' dir='ltr'><strong>affecti</strong></span> <span class='ocrx_word' id='word_1_35' title='bbox 267 600 296 646; x_wconf 86' lang='lat' dir='ltr'><strong>et</strong></span> <span class='ocrx_word' id='word_1_36' title='bbox 314 589 490 660; x_wconf 86' lang='lat' dir='ltr'><strong>detruncati,</strong></span> <span class='ocrx_word' id='word_1_37' title='bbox 510 586 672 644; x_wconf 77' lang='lat' dir='ltr'><strong>Florentiae</strong></span> <span class='ocrx_word' id='word_1_38' title='bbox 691 590 722 643; x_wconf 91' lang='lat' dir='ltr'><strong>in</strong></span> <span class='ocrx_word' id='word_1_39' title='bbox 734 585 907 644; x_wconf 71' lang='lat' dir='ltr'><strong>Arelliorum</strong></span> <span class='ocrx_word' id='word_1_40' title='bbox 927 587 1080 664; x_wconf 77' lang='lat' dir='ltr'><strong>diprlomcti·</strong></span> 
     </span>
     <span class='ocr_line' id='line_1_7' title="bbox 153 668 1080 746; baseline -0.01 -16"><span class='ocrx_word' id='word_1_41' title='bbox 153 695 217 732; x_wconf 86' lang='lat' dir='ltr'><strong>cum</strong></span> <span class='ocrx_word' id='word_1_42' title='bbox 231 683 260 728; x_wconf 91' lang='lat' dir='ltr'><strong>et</strong></span> <span class='ocrx_word' id='word_1_43' title='bbox 273 676 304 728; x_wconf 87' lang='lat' dir='ltr'><strong>in</strong></span> <span class='ocrx_word' id='word_1_44' title='bbox 318 670 520 729; x_wconf 76' lang='lat' dir='ltr'><strong>bibliothecam</strong></span> <span class='ocrx_word' id='word_1_45' title='bbox 535 668 769 726; x_wconf 81' lang='lat' dir='ltr'><strong>Laurenticnnm</strong></span> <span class='ocrx_word' id='word_1_46' title='bbox 789 671 906 744; x_wconf 85' lang='lat' dir='ltr'><strong>perutili</strong></span> <span class='ocrx_word' id='word_1_47' title='bbox 920 671 1080 746; x_wconf 84' lang='lat' dir='ltr'><strong>migratione</strong></span> 
     </span>
     <span class='ocr_line' id='line_1_8' title="bbox 152 750 1080 826; baseline -0.011 -13"><span class='ocrx_word' id='word_1_48' title='bbox 152 765 310 826; x_wconf 85' lang='lat' dir='ltr'><strong>venerunt,</strong></span> <span class='ocrx_word' id='word_1_49' title='bbox 331 753 381 810; x_wconf 90' lang='lat' dir='ltr'><strong>ubi</strong></span> <span class='ocrx_word' id='word_1_50' title='bbox 394 771 471 808; x_wconf 87' lang='lat' dir='ltr'><strong>nunc</strong></span> <span class='ocrx_word' id='word_1_51' title='bbox 485 753 659 809; x_wconf 83' lang='lat' dir='ltr'><strong>liberalitate</strong></span> <span class='ocrx_word' id='word_1_52' title='bbox 672 760 701 806; x_wconf 87' lang='lat' dir='ltr'><strong>et</strong></span> <span class='ocrx_word' id='word_1_53' title='bbox 713 750 891 807; x_wconf 88' lang='lat' dir='ltr'><strong>humanitate</strong></span> <span class='ocrx_word' id='word_1_54' title='bbox 911 770 1027 821; x_wconf 88' lang='lat' dir='ltr'><strong>eorum,</strong></span> <span class='ocrx_word' id='word_1_55' title='bbox 1048 751 1080 824; x_wconf 86' lang='lat' dir='ltr'><strong>qui</strong></span> 
     </span>
     <span class='ocr_line' id='line_1_9' title="bbox 153 832 1080 908; baseline -0.011 -13"><span class='ocrx_word' id='word_1_56' title='bbox 153 842 274 896; x_wconf 90' lang='lat' dir='ltr'><strong>salutem</strong></span> <span class='ocrx_word' id='word_1_57' title='bbox 288 837 414 892; x_wconf 75' lang='lat' dir='ltr'><strong>civitatis</strong></span> <span class='ocrx_word' id='word_1_58' title='bbox 430 845 545 906; x_wconf 90' lang='lat' dir='ltr'><strong>curant,</strong></span> <span class='ocrx_word' id='word_1_59' title='bbox 562 837 628 890; x_wconf 90' lang='lat' dir='ltr'><strong>usui</strong></span> <span class='ocrx_word' id='word_1_60' title='bbox 641 835 755 908; x_wconf 88' lang='lat' dir='ltr'><strong>publico</strong></span> <span class='ocrx_word' id='word_1_61' title='bbox 766 843 874 908; x_wconf 90' lang='lat' dir='ltr'><strong>patent.</strong></span> <span class='ocrx_word' id='word_1_62' title='bbox 916 832 1040 888; x_wconf 87' lang='lat' dir='ltr'><strong>Factum</strong></span> <span class='ocrx_word' id='word_1_63' title='bbox 1053 841 1080 885; x_wconf 89' lang='lat' dir='ltr'><strong>est</strong></span> 
     </span>
     <span class='ocr_line' id='line_1_10' title="bbox 150 914 1080 996; baseline -0.009 -19"><span class='ocrx_word' id='word_1_64' title='bbox 150 927 234 996; x_wconf 81' lang='lat' dir='ltr'><strong>jussu</strong></span> <span class='ocrx_word' id='word_1_65' title='bbox 246 917 332 976; x_wconf 84' lang='lat' dir='ltr'><strong>Petri</strong></span> <span class='ocrx_word' id='word_1_66' title='bbox 344 917 498 996; x_wconf 85' lang='lat' dir='ltr'><strong>Leopoldi,</strong></span> <span class='ocrx_word' id='word_1_67' title='bbox 518 918 629 973; x_wconf 89' lang='lat' dir='ltr'><strong>decoris</strong></span> <span class='ocrx_word' id='word_1_68' title='bbox 643 915 793 987; x_wconf 76' lang='lat' dir='ltr'><strong>Etruriae,</strong></span> <span class='ocrx_word' id='word_1_69' title='bbox 816 925 845 972; x_wconf 88' lang='lat' dir='ltr'><strong>et</strong></span> <span class='ocrx_word' id='word_1_70' title='bbox 861 925 960 990; x_wconf 87' lang='lat' dir='ltr'><strong>postea</strong></span> <span class='ocrx_word' id='word_1_71' title='bbox 976 914 1080 970; x_wconf 82' lang='lat' dir='ltr'><strong>Germa-</strong></span> 
     </span>
     <span class='ocr_line' id='line_1_11' title="bbox 154 996 1053 1076; baseline -0.009 -17"><span class='ocrx_word' id='word_1_72' title='bbox 154 1007 231 1074; x_wconf 86' lang='lat' dir='ltr'><strong>niae,</strong></span> <span class='ocrx_word' id='word_1_73' title='bbox 246 1007 327 1076; x_wconf 85' lang='lat' dir='ltr'><strong>oujus</strong></span> <span class='ocrx_word' id='word_1_74' title='bbox 340 1001 425 1057; x_wconf 88' lang='lat' dir='ltr'><strong>rebus</strong></span> <span class='ocrx_word' id='word_1_75' title='bbox 437 1010 568 1074; x_wconf 86' lang='lat' dir='ltr'><strong>praeerat</strong></span> <span class='ocrx_word' id='word_1_76' title='bbox 581 1001 696 1056; x_wconf 89' lang='lat' dir='ltr'><strong>nomine</strong></span> <span class='ocrx_word' id='word_1_77' title='bbox 709 997 850 1076; x_wconf 80' lang='lat' dir='ltr'><strong>Leopoidi</strong></span> <span class='ocrx_word' id='word_1_78' title='bbox 863 996 898 1053; x_wconf 95' lang='lat' dir='ltr'><strong>ll.</strong></span> <span class='ocrx_word' id='word_1_79' title='bbox 914 997 1053 1054; x_wconf 82' lang='lat' dir='ltr'><strong>Caesaris.</strong></span> 
     </span>
    </p>
   </div>
   <div class='ocr_carea' id='block_1_3' title="bbox 521 1186 729 1202">
    <p class='ocr_par' dir='ltr' id='par_1_3' title="bbox 521 1186 729 1202">
     <span class='ocr_line' id='line_1_12' title="bbox 521 1186 729 1202; baseline 0 -2"><span class='ocrx_word' id='word_1_80' title='bbox 521 1186 729 1202; x_wconf 54' lang='grc' dir='ltr'><strong><em>’.ν’-ἡ-</em></strong></span> 
     </span>
    </p>
   </div>
   <div class='ocr_carea' id='block_1_4' title="bbox 170 1361 1066 1444">
    <p class='ocr_par' dir='ltr' id='par_1_4' title="bbox 170 1361 1066 1444">
     <span class='ocr_line' id='line_1_13' title="bbox 170 1361 1066 1444; baseline -0.009 -18"><span class='ocrx_word' id='word_1_81' title='bbox 170 1363 227 1426; x_wconf 89' lang='grc' dir='ltr'><strong>ΙΙΙ.</strong></span> <span class='ocrx_word' id='word_1_82' title='bbox 256 1363 401 1426; x_wconf 75' lang='lat' dir='ltr'><strong>Interior</strong></span> <span class='ocrx_word' id='word_1_83' title='bbox 414 1364 536 1425; x_wconf 81' lang='lat' dir='ltr'><strong>indoles</strong></span> <span class='ocrx_word' id='word_1_84' title='bbox 552 1364 675 1426; x_wconf 81' lang='lat' dir='ltr'><strong>Codicis</strong></span> <span class='ocrx_word' id='word_1_85' title='bbox 689 1375 723 1427; x_wconf 84' lang='lat' dir='ltr'><strong>et</strong></span> <span class='ocrx_word' id='word_1_86' title='bbox 736 1367 891 1427; x_wconf 82' lang='lat' dir='ltr'><strong>versionis</strong></span> <span class='ocrx_word' id='word_1_87' title='bbox 907 1361 1066 1444; x_wconf 79' lang='lat' dir='ltr'><strong>Valgutoe.</strong></span> 
     </span>
    </p>
   </div>
   <div class='ocr_carea' id='block_1_5' title="bbox 155 1499 1080 2075">
    <p class='ocr_par' dir='ltr' id='par_1_5' title="bbox 155 1499 1080 1906">
     <span class='ocr_line' id='line_1_14' title="bbox 217 1499 1080 1576; baseline -0.008 -20"><span class='ocrx_word' id='word_1_88' title='bbox 217 1500 251 1556; x_wconf 89' lang='lat' dir='ltr'><strong>ln</strong></span> <span class='ocrx_word' id='word_1_89' title='bbox 264 1500 338 1554; x_wconf 78' lang='lat' dir='ltr'><strong>harro</strong></span> <span class='ocrx_word' id='word_1_90' title='bbox 353 1499 575 1573; x_wconf 87' lang='lat' dir='ltr'><strong>disputationem</strong></span> <span class='ocrx_word' id='word_1_91' title='bbox 588 1501 728 1576; x_wconf 86' lang='lat' dir='ltr'><strong>delapsus,</strong></span> <span class='ocrx_word' id='word_1_92' title='bbox 743 1501 777 1557; x_wconf 92' lang='lat' dir='ltr'><strong>de</strong></span> <span class='ocrx_word' id='word_1_93' title='bbox 792 1519 825 1555; x_wconf 91' lang='lat' dir='ltr'><strong>ea</strong></span> <span class='ocrx_word' id='word_1_94' title='bbox 837 1508 919 1574; x_wconf 89' lang='lat' dir='ltr'><strong>parte</strong></span> <span class='ocrx_word' id='word_1_95' title='bbox 932 1499 1013 1569; x_wconf 85' lang='lat' dir='ltr'><strong>libri,</strong></span> <span class='ocrx_word' id='word_1_96' title='bbox 1028 1515 1080 1572; x_wconf 88' lang='lat' dir='ltr'><strong>quae</strong></span> 
     </span>
     <span class='ocr_line' id='line_1_15' title="bbox 156 1581 1079 1654; baseline -0.009 -14"><span class='ocrx_word' id='word_1_97' title='bbox 156 1584 190 1640; x_wconf 90' lang='lat' dir='ltr'><strong>V.</strong></span> <span class='ocrx_word' id='word_1_98' title='bbox 206 1581 241 1638; x_wconf 90' lang='lat' dir='ltr'><strong>T.</strong></span> <span class='ocrx_word' id='word_1_99' title='bbox 256 1583 396 1652; x_wconf 88' lang='lat' dir='ltr'><strong>continet,</strong></span> <span class='ocrx_word' id='word_1_100' title='bbox 408 1585 487 1638; x_wconf 90' lang='lat' dir='ltr'><strong>nulla</strong></span> <span class='ocrx_word' id='word_1_101' title='bbox 499 1585 587 1640; x_wconf 88' lang='lat' dir='ltr'><strong>verba</strong></span> <span class='ocrx_word' id='word_1_102' title='bbox 599 1585 731 1640; x_wconf 83' lang='lat' dir='ltr'><strong>iacienda</strong></span> <span class='ocrx_word' id='word_1_103' title='bbox 743 1583 814 1639; x_wconf 91' lang='lat' dir='ltr'><strong>mihi</strong></span> <span class='ocrx_word' id='word_1_104' title='bbox 829 1585 980 1651; x_wconf 83' lang='lat' dir='ltr'><strong>existimo,</strong></span> <span class='ocrx_word' id='word_1_105' title='bbox 998 1584 1023 1636; x_wconf 90' lang='lat' dir='ltr'><strong>si</strong></span> <span class='ocrx_word' id='word_1_106' title='bbox 1036 1581 1079 1654; x_wconf 87' lang='lat' dir='ltr'><strong>qui·</strong></span> 
     </span>
     <span class='ocr_line' id='line_1_16' title="bbox 156 1663 1080 1743; baseline -0.009 -20"><span class='ocrx_word' id='word_1_107' title='bbox 156 1667 219 1724; x_wconf 89' lang='lat' dir='ltr'><strong>dem</strong></span> <span class='ocrx_word' id='word_1_108' title='bbox 233 1667 284 1721; x_wconf 92' lang='lat' dir='ltr'><strong>alii</strong></span> <span class='ocrx_word' id='word_1_109' title='bbox 297 1673 362 1739; x_wconf 88' lang='lat' dir='ltr'><strong>post</strong></span> <span class='ocrx_word' id='word_1_110' title='bbox 375 1684 420 1720; x_wconf 90' lang='lat' dir='ltr'><strong>me</strong></span> <span class='ocrx_word' id='word_1_111' title='bbox 435 1665 539 1722; x_wconf 90' lang='lat' dir='ltr'><strong>editori</strong></span> <span class='ocrx_word' id='word_1_112' title='bbox 552 1665 623 1722; x_wconf 88' lang='lat' dir='ltr'><strong>haec</strong></span> <span class='ocrx_word' id='word_1_113' title='bbox 636 1666 824 1743; x_wconf 88' lang='lat' dir='ltr'><strong>relinquenda</strong></span> <span class='ocrx_word' id='word_1_114' title='bbox 839 1675 913 1722; x_wconf 88' lang='lat' dir='ltr'><strong>sunt.</strong></span> <span class='ocrx_word' id='word_1_115' title='bbox 944 1663 1029 1719; x_wconf 91' lang='lat' dir='ltr'><strong>Nihil</strong></span> <span class='ocrx_word' id='word_1_116' title='bbox 1041 1664 1080 1736; x_wconf 89' lang='lat' dir='ltr'><strong>igi·</strong></span> 
     </span>
     <span class='ocr_line' id='line_1_17' title="bbox 155 1747 1079 1824; baseline -0.006 -20"><span class='ocrx_word' id='word_1_117' title='bbox 155 1761 203 1806; x_wconf 92' lang='lat' dir='ltr'><strong>tur</strong></span> <span class='ocrx_word' id='word_1_118' title='bbox 226 1749 259 1804; x_wconf 91' lang='lat' dir='ltr'><strong>de</strong></span> <span class='ocrx_word' id='word_1_119' title='bbox 278 1751 471 1818; x_wconf 83' lang='lat' dir='ltr'><strong>ornamentis,</strong></span> <span class='ocrx_word' id='word_1_120' title='bbox 491 1748 565 1804; x_wconf 89' lang='lat' dir='ltr'><strong>nihil</strong></span> <span class='ocrx_word' id='word_1_121' title='bbox 584 1749 618 1804; x_wconf 94' lang='lat' dir='ltr'><strong>de</strong></span> <span class='ocrx_word' id='word_1_122' title='bbox 638 1749 863 1824; x_wconf 84' lang='lat' dir='ltr'><strong>praefationibus</strong></span> <span class='ocrx_word' id='word_1_123' title='bbox 876 1747 1003 1821; x_wconf 68' lang='lat' dir='ltr'><strong>adjicio,</strong></span> <span class='ocrx_word' id='word_1_124' title='bbox 1027 1763 1079 1821; x_wconf 83' lang='lat' dir='ltr'><strong>quae</strong></span> 
     </span>
     <span class='ocr_line' id='line_1_18' title="bbox 156 1831 963 1906; baseline -0.004 -17"><span class='ocrx_word' id='word_1_125' title='bbox 156 1840 222 1889; x_wconf 85' lang='lat' dir='ltr'><strong>sunt</strong></span> <span class='ocrx_word' id='word_1_126' title='bbox 236 1831 341 1886; x_wconf 79' lang='lat' dir='ltr'><strong>euhoe</strong></span> <span class='ocrx_word' id='word_1_127' title='bbox 355 1849 469 1906; x_wconf 87' lang='lat' dir='ltr'><strong>genere.</strong></span> <span class='ocrx_word' id='word_1_128' title='bbox 511 1831 585 1888; x_wconf 92' lang='lat' dir='ltr'><strong>Mihi</strong></span> <span class='ocrx_word' id='word_1_129' title='bbox 598 1832 632 1887; x_wconf 92' lang='lat' dir='ltr'><strong>de</strong></span> <span class='ocrx_word' id='word_1_130' title='bbox 646 1831 682 1888; x_wconf 93' lang='lat' dir='ltr'><strong>N.</strong></span> <span class='ocrx_word' id='word_1_131' title='bbox 696 1831 731 1888; x_wconf 89' lang='lat' dir='ltr'><strong>T.</strong></span> <span class='ocrx_word' id='word_1_132' title='bbox 746 1831 897 1889; x_wconf 89' lang='lat' dir='ltr'><strong>dicendum</strong></span> <span class='ocrx_word' id='word_1_133' title='bbox 911 1838 963 1886; x_wconf 86' lang='lat' dir='ltr'><strong>est.</strong></span> 
     </span>
    </p>

    <p class='ocr_par' dir='ltr' id='par_1_6' title="bbox 155 1911 1079 2075">
     <span class='ocr_line' id='line_1_19' title="bbox 217 1911 1079 1991; baseline -0.01 -20"><span class='ocrx_word' id='word_1_134' title='bbox 217 1913 369 1971; x_wconf 80' lang='lat' dir='ltr'><strong>Praecedit</strong></span> <span class='ocrx_word' id='word_1_135' title='bbox 386 1911 594 1991; x_wconf 89' lang='lat' dir='ltr'><strong>Prolegomeua</strong></span> <span class='ocrx_word' id='word_1_136' title='bbox 611 1913 646 1970; x_wconf 94' lang='lat' dir='ltr'><strong>N.</strong></span> <span class='ocrx_word' id='word_1_137' title='bbox 661 1913 696 1972; x_wconf 91' lang='lat' dir='ltr'><strong>T.</strong></span> <span class='ocrx_word' id='word_1_138' title='bbox 714 1917 843 1990; x_wconf 88' lang='lat' dir='ltr'><strong>pictura,</strong></span> <span class='ocrx_word' id='word_1_139' title='bbox 865 1921 956 1969; x_wconf 87' lang='lat' dir='ltr'><strong>totam</strong></span> <span class='ocrx_word' id='word_1_140' title='bbox 976 1913 1079 1986; x_wconf 83' lang='lat' dir='ltr'><strong>implens</strong></span> 
     </span>
     <span class='ocr_line' id='line_1_20' title="bbox 155 1998 1079 2075; baseline -0.008 -21"><span class='ocrx_word' id='word_1_141' title='bbox 155 2000 304 2075; x_wconf 86' lang='lat' dir='ltr'><strong>paginam,</strong></span> <span class='ocrx_word' id='word_1_142' title='bbox 325 1999 402 2053; x_wconf 89' lang='lat' dir='ltr'><strong>eirea</strong></span> <span class='ocrx_word' id='word_1_143' title='bbox 416 2017 500 2073; x_wconf 87' lang='lat' dir='ltr'><strong>quam</strong></span> <span class='ocrx_word' id='word_1_144' title='bbox 516 2017 552 2054; x_wconf 84' lang='lat' dir='ltr'><strong>ex</strong></span> <span class='ocrx_word' id='word_1_145' title='bbox 565 2001 644 2054; x_wconf 93' lang='lat' dir='ltr'><strong>omni</strong></span> <span class='ocrx_word' id='word_1_146' title='bbox 656 2007 737 2072; x_wconf 88' lang='lat' dir='ltr'><strong>parte</strong></span> <span class='ocrx_word' id='word_1_147' title='bbox 750 1998 871 2054; x_wconf 79' lang='lat' dir='ltr'><strong>fasciola</strong></span> <span class='ocrx_word' id='word_1_148' title='bbox 885 2014 986 2052; x_wconf 87' lang='lat' dir='ltr'><strong>crocea</strong></span> <span class='ocrx_word' id='word_1_149' title='bbox 1001 2010 1079 2050; x_wconf 87' lang='lat' dir='ltr'><strong>recur-</strong></span> 
     </span>
    </p>
   </div>
   <div class='ocr_carea' id='block_1_6' title="bbox 61 2079 1080 2156">
    <p class='ocr_par' dir='ltr' id='par_1_7' title="bbox 61 2079 1080 2156">
     <span class='ocr_line' id='line_1_21' title="bbox 61 2079 1080 2156; baseline -0.006 -19"><span class='ocrx_word' id='word_1_150' title='bbox 61 2111 65 2130; x_wconf 75' lang='lat'><em>‹</em></span> <span class='ocrx_word' id='word_1_151' title='bbox 155 2084 205 2151; x_wconf 89' lang='lat' dir='ltr'><strong>rit,</strong></span> <span class='ocrx_word' id='word_1_152' title='bbox 218 2082 363 2156; x_wconf 88' lang='lat' dir='ltr'><strong>argenteis</strong></span> <span class='ocrx_word' id='word_1_153' title='bbox 376 2083 473 2154; x_wconf 87' lang='lat' dir='ltr'><strong>parvis</strong></span> <span class='ocrx_word' id='word_1_154' title='bbox 489 2100 640 2155; x_wconf 80' lang='lat' dir='ltr'><strong>conspersa</strong></span> <span class='ocrx_word' id='word_1_155' title='bbox 652 2083 784 2156; x_wconf 87' lang='lat' dir='ltr'><strong>speculis.</strong></span> <span class='ocrx_word' id='word_1_156' title='bbox 819 2079 852 2135; x_wconf 93' lang='lat' dir='ltr'><strong>ln</strong></span> <span class='ocrx_word' id='word_1_157' title='bbox 866 2079 959 2136; x_wconf 91' lang='lat' dir='ltr'><strong>medio</strong></span> <span class='ocrx_word' id='word_1_158' title='bbox 975 2081 1080 2134; x_wconf 79' lang='lat' dir='ltr'><strong>circun-</strong></span> 
     </span>
    </p>
   </div>
   <div class='ocr_carea' id='block_1_7' title="bbox 156 2161 1082 3474">
    <p class='ocr_par' dir='ltr' id='par_1_8' title="bbox 156 2161 1082 3474">
     <span class='ocr_line' id='line_1_22' title="bbox 157 2161 1079 2240; baseline -0.007 -21"><span class='ocrx_word' id='word_1_159' title='bbox 157 2165 293 2219; x_wconf 88' lang='lat' dir='ltr'><strong>scribitur</strong></span> <span class='ocrx_word' id='word_1_160' title='bbox 306 2163 417 2232; x_wconf 88' lang='lat' dir='ltr'><strong>discus,</strong></span> <span class='ocrx_word' id='word_1_161' title='bbox 435 2165 525 2218; x_wconf 91' lang='lat' dir='ltr'><strong>variis</strong></span> <span class='ocrx_word' id='word_1_162' title='bbox 541 2165 683 2220; x_wconf 87' lang='lat' dir='ltr'><strong>coloribus</strong></span> <span class='ocrx_word' id='word_1_163' title='bbox 698 2173 727 2218; x_wconf 89' lang='lat' dir='ltr'><strong>et</strong></span> <span class='ocrx_word' id='word_1_164' title='bbox 741 2165 886 2240; x_wconf 89' lang='lat' dir='ltr'><strong>argenteis</strong></span> <span class='ocrx_word' id='word_1_165' title='bbox 899 2163 1023 2218; x_wconf 87' lang='lat' dir='ltr'><strong>lamellis</strong></span> <span class='ocrx_word' id='word_1_166' title='bbox 1035 2161 1079 2233; x_wconf 86' lang='lat' dir='ltr'><strong>plo-</strong></span> 
     </span>
     <span class='ocr_line' id='line_1_23' title="bbox 156 2243 1080 2302; baseline -0.008 0"><span class='ocrx_word' id='word_1_167' title='bbox 156 2248 260 2302; x_wconf 88' lang='lat' dir='ltr'><strong>rimum</strong></span> <span class='ocrx_word' id='word_1_168' title='bbox 282 2253 446 2300; x_wconf 82' lang='lat' dir='ltr'><strong>exornatus.</strong></span> <span class='ocrx_word' id='word_1_169' title='bbox 489 2243 522 2299; x_wconf 92' lang='lat' dir='ltr'><strong>ln</strong></span> <span class='ocrx_word' id='word_1_170' title='bbox 541 2255 638 2302; x_wconf 86' lang='lat' dir='ltr'><strong>centro</strong></span> <span class='ocrx_word' id='word_1_171' title='bbox 658 2246 730 2302; x_wconf 86' lang='lat' dir='ltr'><strong>disci</strong></span> <span class='ocrx_word' id='word_1_172' title='bbox 743 2249 775 2302; x_wconf 89' lang='lat' dir='ltr'><strong>in</strong></span> <span class='ocrx_word' id='word_1_173' title='bbox 788 2246 875 2302; x_wconf 84' lang='lat' dir='ltr'><strong>fundo</strong></span> <span class='ocrx_word' id='word_1_174' title='bbox 890 2246 1021 2302; x_wconf 89' lang='lat' dir='ltr'><strong>caeruleo</strong></span> <span class='ocrx_word' id='word_1_175' title='bbox 1035 2259 1080 2296; x_wconf 77' lang='lat' dir='ltr'><strong>cae</strong></span> 
     </span>
     <span class='ocr_line' id='line_1_24' title="bbox 159 2326 1079 2403; baseline -0.01 -19"><span class='ocrx_word' id='word_1_176' title='bbox 159 2331 246 2384; x_wconf 88' lang='lat' dir='ltr'><strong>lestes</strong></span> <span class='ocrx_word' id='word_1_177' title='bbox 269 2326 403 2400; x_wconf 88' lang='lat' dir='ltr'><strong>sphaeras</strong></span> <span class='ocrx_word' id='word_1_178' title='bbox 421 2328 512 2398; x_wconf 88' lang='lat' dir='ltr'><strong>stellis</strong></span> <span class='ocrx_word' id='word_1_179' title='bbox 531 2347 696 2403; x_wconf 83' lang='lat' dir='ltr'><strong>conspersas</strong></span> <span class='ocrx_word' id='word_1_180' title='bbox 712 2348 810 2385; x_wconf 88' lang='lat' dir='ltr'><strong>creare</strong></span> <span class='ocrx_word' id='word_1_181' title='bbox 823 2328 937 2385; x_wconf 89' lang='lat' dir='ltr'><strong>videtur</strong></span> <span class='ocrx_word' id='word_1_182' title='bbox 951 2326 1079 2384; x_wconf 76' lang='lat' dir='ltr'><strong>Salvator,</strong></span> 
     </span>
     <span class='ocr_line' id='line_1_25' title="bbox 159 2409 1079 2485; baseline -0.004 -19"><span class='ocrx_word' id='word_1_183' title='bbox 159 2429 224 2466; x_wconf 86' lang='lat' dir='ltr'><strong>cum</strong></span> <span class='ocrx_word' id='word_1_184' title='bbox 241 2413 392 2482; x_wconf 84' lang='lat' dir='ltr'><strong>majestate</strong></span> <span class='ocrx_word' id='word_1_185' title='bbox 415 2411 516 2467; x_wconf 89' lang='lat' dir='ltr'><strong>sedens</strong></span> <span class='ocrx_word' id='word_1_186' title='bbox 532 2413 564 2466; x_wconf 88' lang='lat' dir='ltr'><strong>in</strong></span> <span class='ocrx_word' id='word_1_187' title='bbox 582 2410 732 2485; x_wconf 88' lang='lat' dir='ltr'><strong>cathedra,</strong></span> <span class='ocrx_word' id='word_1_188' title='bbox 751 2431 802 2468; x_wconf 90' lang='lat' dir='ltr'><strong>seu</strong></span> <span class='ocrx_word' id='word_1_189' title='bbox 816 2414 887 2468; x_wconf 93' lang='lat' dir='ltr'><strong>solio</strong></span> <span class='ocrx_word' id='word_1_190' title='bbox 903 2429 967 2466; x_wconf 90' lang='lat' dir='ltr'><strong>oum</strong></span> <span class='ocrx_word' id='word_1_191' title='bbox 979 2409 1079 2484; x_wconf 75' lang='lat' dir='ltr'><strong>pulvino</strong></span> 
     </span>
     <span class='ocr_line' id='line_1_26' title="bbox 158 2489 1080 2571; baseline -0.008 -22"><span class='ocrx_word' id='word_1_192' title='bbox 158 2502 347 2568; x_wconf 88' lang='lat' dir='ltr'><strong>posterganeo</strong></span> <span class='ocrx_word' id='word_1_193' title='bbox 369 2495 557 2570; x_wconf 85' lang='lat' dir='ltr'><strong>triangularis</strong></span> <span class='ocrx_word' id='word_1_194' title='bbox 576 2493 695 2571; x_wconf 85' lang='lat' dir='ltr'><strong>figurae.</strong></span> <span class='ocrx_word' id='word_1_195' title='bbox 739 2493 856 2550; x_wconf 85' lang='lat' dir='ltr'><strong>Comam</strong></span> <span class='ocrx_word' id='word_1_196' title='bbox 873 2493 1007 2550; x_wconf 83' lang='lat' dir='ltr'><strong>bilariam</strong></span> <span class='ocrx_word' id='word_1_197' title='bbox 1026 2489 1080 2546; x_wconf 87' lang='lat' dir='ltr'><strong>divi·</strong></span> 
     </span>
     <span class='ocr_line' id='line_1_27' title="bbox 159 2574 1081 2651; baseline -0.002 -20"><span class='ocrx_word' id='word_1_198' title='bbox 159 2595 219 2632; x_wconf 90' lang='lat' dir='ltr'><strong>sam</strong></span> <span class='ocrx_word' id='word_1_199' title='bbox 233 2577 265 2630; x_wconf 92' lang='lat' dir='ltr'><strong>in</strong></span> <span class='ocrx_word' id='word_1_200' title='bbox 277 2574 389 2645; x_wconf 84' lang='lat' dir='ltr'><strong>fronte,</strong></span> <span class='ocrx_word' id='word_1_201' title='bbox 405 2585 510 2650; x_wconf 88' lang='lat' dir='ltr'><strong>etpost</strong></span> <span class='ocrx_word' id='word_1_202' title='bbox 524 2575 657 2634; x_wconf 86' lang='lat' dir='ltr'><strong>humeros</strong></span> <span class='ocrx_word' id='word_1_203' title='bbox 673 2597 858 2649; x_wconf 82' lang='lat' dir='ltr'><strong>conversam,</strong></span> <span class='ocrx_word' id='word_1_204' title='bbox 879 2578 1021 2651; x_wconf 88' lang='lat' dir='ltr'><strong>simulque</strong></span> <span class='ocrx_word' id='word_1_205' title='bbox 1034 2574 1081 2628; x_wconf 78' lang='lat' dir='ltr'><strong>bar·</strong></span> 
     </span>
     <span class='ocr_line' id='line_1_28' title="bbox 158 2651 1080 2733; baseline -0.004 -19"><span class='ocrx_word' id='word_1_206' title='bbox 158 2660 223 2714; x_wconf 89' lang='lat' dir='ltr'><strong>bam</strong></span> <span class='ocrx_word' id='word_1_207' title='bbox 236 2660 267 2712; x_wconf 92' lang='lat' dir='ltr'><strong>in</strong></span> <span class='ocrx_word' id='word_1_208' title='bbox 282 2659 418 2733; x_wconf 89' lang='lat' dir='ltr'><strong>angulum</strong></span> <span class='ocrx_word' id='word_1_209' title='bbox 434 2668 548 2714; x_wconf 88' lang='lat' dir='ltr'><strong>acutum</strong></span> <span class='ocrx_word' id='word_1_210' title='bbox 562 2660 738 2716; x_wconf 85' lang='lat' dir='ltr'><strong>desinentem</strong></span> <span class='ocrx_word' id='word_1_211' title='bbox 752 2660 852 2732; x_wconf 69' lang='lat' dir='ltr'><strong>habet,</strong></span> <span class='ocrx_word' id='word_1_212' title='bbox 878 2668 963 2732; x_wconf 87' lang='lat' dir='ltr'><strong>eaput</strong></span> <span class='ocrx_word' id='word_1_213' title='bbox 976 2651 1080 2712; x_wconf 81' lang='lat' dir='ltr'><strong>rotundo</strong></span> 
     </span>
     <span class='ocr_line' id='line_1_29' title="bbox 159 2739 1080 2818; baseline -0.009 -21"><span class='ocrx_word' id='word_1_214' title='bbox 159 2759 301 2815; x_wconf 89' lang='lat' dir='ltr'><strong>aureoque</strong></span> <span class='ocrx_word' id='word_1_215' title='bbox 314 2740 479 2796; x_wconf 89' lang='lat' dir='ltr'><strong>redimitum</strong></span> <span class='ocrx_word' id='word_1_216' title='bbox 494 2751 537 2797; x_wconf 89' lang='lat' dir='ltr'><strong>est</strong></span> <span class='ocrx_word' id='word_1_217' title='bbox 551 2742 727 2814; x_wconf 88' lang='lat' dir='ltr'><strong>diademate,</strong></span> <span class='ocrx_word' id='word_1_218' title='bbox 748 2753 886 2818; x_wconf 86' lang='lat' dir='ltr'><strong>argentea</strong></span> <span class='ocrx_word' id='word_1_219' title='bbox 899 2759 982 2798; x_wconf 85' lang='lat' dir='ltr'><strong>cruce</strong></span> <span class='ocrx_word' id='word_1_220' title='bbox 997 2739 1080 2796; x_wconf 87' lang='lat' dir='ltr'><strong>distin-</strong></span> 
     </span>
     <span class='ocr_line' id='line_1_30' title="bbox 160 2817 1080 2900; baseline -0.005 -21"><span class='ocrx_word' id='word_1_221' title='bbox 160 2834 221 2894; x_wconf 87' lang='lat' dir='ltr'><strong>cto,</strong></span> <span class='ocrx_word' id='word_1_222' title='bbox 242 2827 323 2897; x_wconf 86' lang='lat' dir='ltr'><strong>eujus</strong></span> <span class='ocrx_word' id='word_1_223' title='bbox 339 2831 435 2880; x_wconf 88' lang='lat' dir='ltr'><strong>tamen</strong></span> <span class='ocrx_word' id='word_1_224' title='bbox 453 2842 529 2880; x_wconf 90' lang='lat' dir='ltr'><strong>nune</strong></span> <span class='ocrx_word' id='word_1_225' title='bbox 546 2843 638 2898; x_wconf 91' lang='lat' dir='ltr'><strong>pauca</strong></span> <span class='ocrx_word' id='word_1_226' title='bbox 660 2833 813 2899; x_wconf 86' lang='lat' dir='ltr'><strong>supersunt</strong></span> <span class='ocrx_word' id='word_1_227' title='bbox 830 2825 963 2900; x_wconf 86' lang='lat' dir='ltr'><strong>vestigia.</strong></span> <span class='ocrx_word' id='word_1_228' title='bbox 1007 2817 1080 2877; x_wconf 76' lang='lat' dir='ltr'><strong>Nudo</strong></span> 
     </span>
     <span class='ocr_line' id='line_1_31' title="bbox 158 2907 1080 2983; baseline -0.008 -23"><span class='ocrx_word' id='word_1_229' title='bbox 158 2907 276 2980; x_wconf 88' lang='lat' dir='ltr'><strong>pedibus</strong></span> <span class='ocrx_word' id='word_1_230' title='bbox 294 2907 502 2980; x_wconf 89' lang='lat' dir='ltr'><strong>suppedaneum</strong></span> <span class='ocrx_word' id='word_1_231' title='bbox 519 2911 640 2980; x_wconf 89' lang='lat' dir='ltr'><strong>premit,</strong></span> <span class='ocrx_word' id='word_1_232' title='bbox 662 2908 804 2983; x_wconf 83' lang='lat' dir='ltr'><strong>rubroque</strong></span> <span class='ocrx_word' id='word_1_233' title='bbox 824 2909 909 2962; x_wconf 89' lang='lat' dir='ltr'><strong>talari</strong></span> <span class='ocrx_word' id='word_1_234' title='bbox 922 2907 1021 2960; x_wconf 74' lang='lat' dir='ltr'><strong>timisa</strong></span> <span class='ocrx_word' id='word_1_235' title='bbox 1036 2917 1080 2958; x_wconf 83' lang='lat' dir='ltr'><strong>cor-</strong></span> 
     </span>
     <span class='ocr_line' id='line_1_32' title="bbox 158 2988 1081 3065; baseline -0.004 -22"><span class='ocrx_word' id='word_1_236' title='bbox 158 2989 221 3063; x_wconf 89' lang='lat' dir='ltr'><strong>pori</strong></span> <span class='ocrx_word' id='word_1_237' title='bbox 234 2988 372 3044; x_wconf 86' lang='lat' dir='ltr'><strong>adstrieta</strong></span> <span class='ocrx_word' id='word_1_238' title='bbox 384 2991 597 3064; x_wconf 87' lang='lat' dir='ltr'><strong>praecingitur,</strong></span> <span class='ocrx_word' id='word_1_239' title='bbox 620 3010 683 3045; x_wconf 88' lang='lat' dir='ltr'><strong>cum</strong></span> <span class='ocrx_word' id='word_1_240' title='bbox 695 2993 781 3065; x_wconf 93' lang='lat' dir='ltr'><strong>pallio</strong></span> <span class='ocrx_word' id='word_1_241' title='bbox 795 2991 919 3046; x_wconf 87' lang='lat' dir='ltr'><strong>violacei</strong></span> <span class='ocrx_word' id='word_1_242' title='bbox 933 2989 1036 3044; x_wconf 90' lang='lat' dir='ltr'><strong>coloris</strong></span> <span class='ocrx_word' id='word_1_243' title='bbox 1049 3001 1081 3039; x_wconf 78' lang='lat' dir='ltr'><strong>su</strong></span> 
     </span>
     <span class='ocr_line' id='line_1_33' title="bbox 158 3071 1082 3148; baseline 0 -23"><span class='ocrx_word' id='word_1_244' title='bbox 158 3072 360 3145; x_wconf 91' lang='lat' dir='ltr'><strong>perimposito,</strong></span> <span class='ocrx_word' id='word_1_245' title='bbox 383 3071 458 3146; x_wconf 91' lang='lat' dir='ltr'><strong>quod</strong></span> <span class='ocrx_word' id='word_1_246' title='bbox 479 3089 496 3126; x_wconf 87' lang='lat' dir='ltr'><strong>a</strong></span> <span class='ocrx_word' id='word_1_247' title='bbox 518 3074 599 3130; x_wconf 90' lang='lat' dir='ltr'><strong>laevo</strong></span> <span class='ocrx_word' id='word_1_248' title='bbox 617 3072 735 3130; x_wconf 89' lang='lat' dir='ltr'><strong>humero</strong></span> <span class='ocrx_word' id='word_1_249' title='bbox 753 3073 890 3148; x_wconf 91' lang='lat' dir='ltr'><strong>pendens,</strong></span> <span class='ocrx_word' id='word_1_250' title='bbox 907 3073 984 3127; x_wconf 87' lang='lat' dir='ltr'><strong>circa</strong></span> <span class='ocrx_word' id='word_1_251' title='bbox 998 3079 1082 3141; x_wconf 70' lang='lat' dir='ltr'><strong>corpus</strong></span> 
     </span>
     <span class='ocr_line' id='line_1_34' title="bbox 158 3152 1082 3225; baseline -0.003 -15"><span class='ocrx_word' id='word_1_252' title='bbox 158 3155 294 3210; x_wconf 89' lang='lat' dir='ltr'><strong>volvitur.</strong></span> <span class='ocrx_word' id='word_1_253' title='bbox 337 3152 422 3210; x_wconf 87' lang='lat' dir='ltr'><strong>Elata</strong></span> <span class='ocrx_word' id='word_1_254' title='bbox 436 3155 554 3210; x_wconf 86' lang='lat' dir='ltr'><strong>dextera</strong></span> <span class='ocrx_word' id='word_1_255' title='bbox 572 3155 687 3211; x_wconf 91' lang='lat' dir='ltr'><strong>videtur</strong></span> <span class='ocrx_word' id='word_1_256' title='bbox 699 3156 868 3212; x_wconf 82' lang='lat' dir='ltr'><strong>benedicere</strong></span> <span class='ocrx_word' id='word_1_257' title='bbox 882 3155 962 3225; x_wconf 87' lang='lat' dir='ltr'><strong>orbi,</strong></span> <span class='ocrx_word' id='word_1_258' title='bbox 983 3155 1082 3208; x_wconf 71' lang='lat' dir='ltr'><strong>sinistre</strong></span> 
     </span>
     <span class='ocr_line' id='line_1_35' title="bbox 162 3238 1082 3312; baseline -0.001 -19"><span class='ocrx_word' id='word_1_259' title='bbox 162 3245 258 3293; x_wconf 87' lang='lat' dir='ltr'><strong>autem</strong></span> <span class='ocrx_word' id='word_1_260' title='bbox 271 3255 374 3308; x_wconf 79' lang='lat' dir='ltr'><strong>uranu,</strong></span> <span class='ocrx_word' id='word_1_261' title='bbox 401 3238 500 3293; x_wconf 90' lang='lat' dir='ltr'><strong>eodem</strong></span> <span class='ocrx_word' id='word_1_262' title='bbox 520 3247 652 3312; x_wconf 81' lang='lat' dir='ltr'><strong>cooperta</strong></span> <span class='ocrx_word' id='word_1_263' title='bbox 670 3241 797 3310; x_wconf 90' lang='lat' dir='ltr'><strong>amictu,</strong></span> <span class='ocrx_word' id='word_1_264' title='bbox 821 3240 947 3293; x_wconf 87' lang='lat' dir='ltr'><strong>clausum</strong></span> <span class='ocrx_word' id='word_1_265' title='bbox 967 3238 1082 3292; x_wconf 69' lang='lat' dir='ltr'><strong>volumen</strong></span> 
     </span>
     <span class='ocr_line' id='line_1_36' title="bbox 161 3319 1082 3396; baseline -0.004 -20"><span class='ocrx_word' id='word_1_266' title='bbox 161 3339 231 3376; x_wconf 91' lang='lat' dir='ltr'><strong>auro</strong></span> <span class='ocrx_word' id='word_1_267' title='bbox 245 3321 416 3396; x_wconf 89' lang='lat' dir='ltr'><strong>insignitum</strong></span> <span class='ocrx_word' id='word_1_268' title='bbox 437 3323 570 3379; x_wconf 89' lang='lat' dir='ltr'><strong>sustinet.</strong></span> <span class='ocrx_word' id='word_1_269' title='bbox 628 3319 693 3377; x_wconf 91' lang='lat' dir='ltr'><strong>Duo</strong></span> <span class='ocrx_word' id='word_1_270' title='bbox 713 3323 782 3378; x_wconf 89' lang='lat' dir='ltr'><strong>alati</strong></span> <span class='ocrx_word' id='word_1_271' title='bbox 803 3322 914 3395; x_wconf 87' lang='lat' dir='ltr'><strong>angeli,</strong></span> <span class='ocrx_word' id='word_1_272' title='bbox 934 3320 1040 3393; x_wconf 88' lang='lat' dir='ltr'><strong>duplici</strong></span> <span class='ocrx_word' id='word_1_273' title='bbox 1055 3323 1082 3367; x_wconf 72' lang='lat' dir='ltr'><strong>tt·</strong></span> 
     </span>
     <span class='ocr_line' id='line_1_37' title="bbox 161 3398 1082 3474; baseline 0.004 -17"><span class='ocrx_word' id='word_1_274' title='bbox 161 3404 216 3458; x_wconf 90' lang='lat' dir='ltr'><strong>lari</strong></span> <span class='ocrx_word' id='word_1_275' title='bbox 234 3412 314 3459; x_wconf 81' lang='lat' dir='ltr'><strong>veste</strong></span> <span class='ocrx_word' id='word_1_276' title='bbox 332 3403 440 3472; x_wconf 88' lang='lat' dir='ltr'><strong>induti,</strong></span> <span class='ocrx_word' id='word_1_277' title='bbox 461 3403 551 3458; x_wconf 89' lang='lat' dir='ltr'><strong>altera</strong></span> <span class='ocrx_word' id='word_1_278' title='bbox 569 3403 752 3474; x_wconf 88' lang='lat' dir='ltr'><strong>subobscuri,</strong></span> <span class='ocrx_word' id='word_1_279' title='bbox 776 3405 866 3462; x_wconf 84' lang='lat' dir='ltr'><strong>altera</strong></span> <span class='ocrx_word' id='word_1_280' title='bbox 886 3401 973 3458; x_wconf 90' lang='lat' dir='ltr'><strong>albidi</strong></span> <span class='ocrx_word' id='word_1_281' title='bbox 988 3398 1082 3460; x_wconf 79' lang='lat' dir='ltr'><strong>coloris</strong></span> 
     </span>
    </p>
   </div>
   <div class='ocr_carea' id='block_1_8' title="bbox 0 0 1111 3880">
    <p class='ocr_par' dir='ltr' id='par_1_9' title="bbox 0 0 1111 3880">
     <span class='ocr_line' id='line_1_38' title="bbox 0 0 1111 3880; baseline 0 0"><span class='ocrx_word' id='word_1_282' title='bbox 0 0 1111 3880; x_wconf 95' lang='lat' dir='ltr'><strong> </strong></span> 
     </span>
    </p>
   </div>
  </div>
 </body>
</html>
