2206 3880
242 168 351 213 SlX'l'I
374 169 510 220 qururl
533 169 756 214 Paterculo.
868 167 960 212 xnvn

31 299 143 360 maret⁶):
161 299 206 356 qui
220 297 342 356 denique,
359 295 433 344 sicuti
446 297 607 358 confidimus,
623 297 733 343 divinam
743 309 790 354 pro
801 296 875 343 nobis
886 309 960 354 opem

31 384 137 441 usquead
147 381 391 429 consummationem
402 381 509 442 saeculi,
524 375 548 441 ὅ)
559 381 682 428 ecclesiae
693 380 839 426 Catholicae
850 380 960 437 promis·

32 481 84 524 sam,
96 467 236 525 implorare
250 477 304 510 non
318 465 413 524 cessat,
429 465 459 510 ad
469 479 517 512 nos
530 465 557 512 in
573 465 685 524 ejusdem
695 464 765 510 Petri
776 462 914 520 Gathedra,
932 462 959 508 in

32 564 69 606 qua
78 552 130 608 ejus
146 551 210 596 vivit
223 551 349 608 potestas,
365 551 391 595 et
403 549 507 596 excellit
520 549 671 607 auctoritas,
686 548 742 594 Deo
757 547 793 593 sic
808 547 959 604 disponente

32 634 210 693 constitutos0),
224 635 305 679 totum
315 633 363 680 hoc
371 631 492 692 iudicium
503 633 614 692 proprie,
626 645 656 678 ac
666 631 810 689 specialiter
820 630 958 688 pertinere,

32 718 69 763 liei
76 718 257 775 omnipotentis
267 717 363 764 auxilio
373 717 521 776 suppliciter
535 717 671 775 invocato,
689 717 715 762 et
729 715 809 773 ipsius
818 713 958 772 Apostolo-

32 801 206 859 mnl’rincipis
222 801 373 848 auctoritate
385 801 488 860 confisi,
504 800 676 858 ob'pnlrlicam
691 801 792 858 sanctae
808 797 958 844 DeiEcele-

32 885 73 932 siae
84 885 217 932 utilitatem
232 885 422 942 haudquaquam
438 885 535 944 gravmi
546 897 645 944 sumus,
659 885 727 930 inter
737 883 800 928 alias
809 882 958 928 Pontificiac

32 970 185 1017 solicitudinis
196 969 389 1028 occupationes,
404 970 471 1016 hunc
485 982 585 1027 quoquc
599 982 652 1014 non
661 967 815 1014 mediocrem
825 969 957 1012 accuratae

32 1054 199 1101 lucubrationis
215 1053 331 1100 laborem
345 1053 488 1112 suscipere,
503 1055 578 1109 atque
592 1065 622 1098 ea
636 1052 721 1097 omnia
729 1051 876 1109 perlegere,
894 1063 958 1107 quae

33 1138 67 1184 clii
75 1138 238 1196 collegerant,
249 1139 292 1183 aut
301 1139 448 1197 senserant,
459 1137 617 1182 diversarum
625 1135 764 1182 lectionum
773 1134 887 1180 rationes
898 1147 958 1192 per-

34 1222 141 1280 pendere,
156 1223 302 1267 sanctorum
311 1221 450 1267 Doctorum
460 1221 599 1266 sententias
608 1230 808 1277 recognoscere:
827 1230 891 1274 quae
902 1217 958 1274 qui-

34 1309 68 1351 hns
77 1305 238 1352 anteferenda
248 1307 347 1364 essent,
359 1305 511 1364 diJ'udicsre,
522 1304 595 1362 adeo,
610 1301 674 1349 utin
683 1302 732 1348 hoc
742 1301 957 1348 laboriosissimae

34 1389 200 1436 emendationis
211 1388 348 1447 curriculo,
359 1390 445 1445 inquo
457 1401 560 1446 operam
570 1387 750 1445 qnotidianam,
762 1399 866 1442 eamque
876 1384 957 1443 pluri-

34 1476 69 1518 hns
86 1473 150 1520 horis
169 1471 344 1520 collocandam
364 1472 493 1530 duximus,
512 1471 621 1517 aliorum
639 1470 824 1528 quidemlabor
840 1469 958 1516 fueritin

34 1557 188 1617 consulendo,
202 1559 293 1602 noster
302 1559 385 1602 autern
394 1557 421 1602 in
432 1569 476 1615 eo,
492 1556 559 1612 quod
574 1569 608 1601 ex
622 1555 735 1613 pluribus
750 1557 818 1600 esset
828 1554 957 1612 optimum,

35 1641 166 1699 deligendo:
186 1641 222 1686 ita
232 1641 331 1700 tamen,
345 1643 375 1686 ut
383 1641 500 1686 Veterem
511 1640 596 1685 multis
606 1639 633 1685 in
642 1637 759 1685 Ecclesia
769 1637 859 1684 abhinc
870 1650 959 1684 saecu-

35 1725 59 1770 lis
68 1729 186 1783 receptam
197 1723 332 1770 lectionem
344 1725 448 1770 omnino
462 1724 650 1770 retinuerimus.
684 1723 782 1768 Noram
797 1722 895 1768 interea
906 1723 959 1779 Ty-

35 1809 182 1868 pographicm
201 1809 229 1854 in
244 1808 393 1867 Apostolico
407 1809 530 1855 Vaticano
545 1807 644 1854 Palatio
662 1809 753 1852 nostro
768 1806 800 1852 ad
815 1805 841 1852 id
855 1805 958 1862 potissi-

36 1907 89 1939 mum
97 1893 226 1953 magnifice
237 1893 418 1952 exstruximus,
430 1895 504 1950 atque
514 1892 546 1938 sd
556 1892 611 1950 ejus
622 1903 716 1949 curam,
728 1889 959 1948 congregationem

36 1976 118 2034 aliquot
129 1981 232 2024 sanctae
241 1977 368 2024 ltomsnae
378 1977 511 2024 Ecclesiae
521 1974 706 2033 cardinalium,
720 1977 746 2020 et
761 1973 862 2031 insigne
873 1971 959 2019 colle-

37 2061 91 2116 gium
102 2061 302 2109 doctissimorum
316 2061 431 2108 virorum
444 2063 500 2108 fere
514 2075 548 2108 ex
560 2059 675 2106 omnihus
687 2057 824 2103 christiani
833 2057 902 2104 orbis
912 2070 960 2104 ιιι-

36 2145 142 2206 tionibus,
166 2149 193 2193 et
209 2145 380 2192 celeberrimis
401 2146 542 2192 studiorum
562 2142 725 2190 Generalium
742 2141 960 2200 universitatibus,

36 2230 118 2290 amplis,
128 2229 305 2288 opulentiaque
314 2231 436 2278 reditibus
447 2229 559 2276 dotatum
569 2227 750 2287 deputavimus,
758 2229 787 2272 ut
796 2227 822 2273 in
834 2239 863 2274 ea
873 2241 960 2274 emen-

37 2311 105 2358 datum
116 2315 166 2373 J'am
178 2313 317 2361 liibliorum
333 2315 452 2362 volumen
468 2315 649 2361 excuderetur:
668 2325 748 2369 eaque
762 2325 804 2358 res
818 2325 870 2369 qno
879 2313 960 2370 magis

37 2395 167 2456 incorrupte
181 2400 359 2458 perficeretur,
375 2401 464 2445 nostra
477 2411 526 2445 uos
541 2399 591 2458 ipsi
602 2410 678 2444 manu
694 2397 865 2454 correximus,
880 2395 962 2453 siqua

38 2481 110 2534 praelo
120 2483 181 2528 vitia
193 2483 368 2543 obrepserant,
379 2485 405 2530 et
414 2497 478 2540 qnae
488 2485 607 2542 confusa,
618 2485 661 2528 aut
670 2481 745 2528 facile
755 2479 877 2527 conlundi
887 2493 962 2538 posse

40 2563 183 2626 ridebantur,
202 2579 232 2612 ea
241 2567 378 2614 intervallo
393 2568 547 2627 scripturae,
562 2566 738 2624 acmajoribus
748 2565 830 2623 notis,
845 2566 871 2610 et
880 2564 961 2609 inter·

39 2649 159 2701 punctione
169 2649 339 2697 distinximus.
376 2653 503 2711 Ceterum,
513 2651 597 2708 nostri
606 2665 639 2696 ne
648 2649 724 2707 huius
735 2647 847 2705 consilii,
858 2647 961 2693 institn-

38 2729 93 2786 tiqne
105 2733 217 2780 rationes
232 2735 397 2795 ignorentur,
413 2735 457 2782 sed
467 2735 551 2793 potios
560 2735 697 2780 universae
706 2731 837 2777 Ecclesiae
848 2730 960 2777 Catholi-

39 2827 85 2876 cae,
98 2817 194 2876 ipsique
209 2819 352 2876 posteritati
368 2819 529 2878 notissimae,
546 2831 575 2864 ac
588 2815 765 2863 testatissimae
774 2813 960 2874 relinquantur,

38 2899 154 2960 cunctique
164 2902 240 2949 facile
249 2902 403 2962 intelligant,
410 2903 524 2960 quisnam
534 2901 597 2948 ordo
608 2901 635 2946 in
644 2900 694 2946 hoc
704 2909 782 2956 opere
793 2899 960 2959 conficiendo,

40 2993 89 3035 quae
100 2985 156 3046 lex,
176 2997 206 3033 ac
219 2986 352 3034 methodus
366 2987 442 3046 inita,
461 2999 524 3044 quae
538 2983 675 3042 indagandi
688 2983 744 3028 veri
756 2995 846 3028 norma
859 2996 875 3028 c
887 2983 961 3031 nobis

37 3071 124 3115 servata
134 3069 180 3116 sit:
198 3069 261 3117 illud
271 3083 332 3117 sane
343 3071 458 3118 omnibus
468 3071 576 3127 certum,
592 3071 666 3125 atquc
676 3066 835 3124 exploratum
846 3081 902 3114 esse
913 3081 960 3113 vo-

37 3146 119 3211 lumus,
134 3158 237 3201 nostros
252 3155 300 3201 hos
311 3155 427 3214 labores,
442 3165 471 3200 ac
482 3152 582 3210 vigilias
592 3163 725 3208 numquam
736 3163 768 3196 eo
779 3153 919 3209 spectasse,
933 3153 962 3196 ut

38 3236 180 3284 invectitio
193 3239 220 3284 in
234 3238 316 3285 lucem
331 3241 421 3296 exeat,
441 3237 485 3284 sed
502 3239 529 3282 ut
540 3235 650 3294 Vulgata
663 3236 735 3281 vetus
750 3247 783 3280 cx
798 3234 961 3280 Tridentinae

38 3348 360 3370 Q———ss
424 3361 426 3366 ,

39 3499 64 3545 Le
84 3435 107 3487 a)
121 3435 221 3480 Laeli.
252 3437 275 3490 l)
291 3435 373 3481 S-Leo
387 3451 453 3480 seron
468 3434 596 3478 inNstivit.
613 3433 748 3478 seruo
763 3430 869 3476 etPauli.
899 3433 922 3487 c)
938 3432 961 3476 S.

66 3514 177 3553 oseml.
