2206 3880
148 146 257 190 XXXVI
364 144 638 190 commutarant
667 143 877 188 rsnoofflca

148 277 319 351 praesertim
330 275 361 328 in
373 271 498 330 Psalmis
512 283 540 328 et
552 275 583 328 iu
598 275 728 348 epistolis
740 270 887 343 Paulinis,
904 282 937 328 nt
949 274 1016 328 sine
1027 283 1090 328 tex-

148 359 225 414 tibus
247 357 436 434 originalibus
455 373 513 410 non
532 357 660 430 possint,
685 357 783 431 qualia
798 357 873 426 sint,
901 357 1031 430 perspici
1054 357 1089 434 ¹).

148 440 214 496 Non
227 459 380 516 negamus,
398 437 523 494 latites-i
537 440 624 494 etiam
636 440 799 494 versionem
810 440 965 494 vernaculo
980 457 1089 494 sermo-

148 543 184 578 ne
208 524 368 579 confectam
386 522 483 595 aliqua
502 539 539 576 ex
555 530 637 594 parte
654 522 743 576 simili
758 521 934 576 obscuritate
945 520 1087 576 laborare

149 606 256 672 Quidni
277 607 369 680 igitur
389 603 466 658 beati
485 603 670 678 praedicandi
685 611 714 658 et
727 603 859 658 imitandi
878 604 953 673 sint,
973 605 1026 677 qui
1042 623 1087 658 ex·

149 688 285 762 emplaria
305 686 428 742 hebraea
446 695 475 741 et
487 703 592 763 preca
609 686 738 757 „diurna
754 695 951 762 nocturnaque
968 691 1088 756 manu,“

148 781 182 826 ut
195 769 271 844 apud
283 777 395 843 poetam
409 778 463 839 est,
476 765 609 826 versanti
626 799 661 810 -

212 851 269 908 lles
283 870 351 908 vero
367 853 486 910 criticae
499 850 535 907 N.
551 850 585 907 T.
597 854 705 927 graeci
715 849 801 908 hodie
815 851 930 927 quidem
947 852 991 906 ita
1014 870 1087 906 com-

148 943 265 1010 paratae
287 943 369 1005 sunt‚
390 943 423 988 ut
440 936 489 990 via
506 935 588 1010 regia
608 943 636 989 et
658 934 869 1009 compendiaria
888 933 925 989 ad
939 942 1052 990 castam
1064 945 1087 988 et

148 1019 297 1092 probatam
314 1017 469 1072 editionem
484 1017 688 1091 perficiendam
707 1017 835 1072 indicata
854 1018 910 1087 sit,
931 1017 1084 1090 impulsore

149 1101 185 1156 od
198 1101 328 1171 meliora,
341 1099 391 1156 scd
404 1118 462 1154 non
474 1099 635 1174 perfectore
648 1101 754 1156 laboris
768 1117 878 1155 ruarmo
892 1097 928 1154 R.
937 1097 1083 1172 Bentlajo,

147 1183 258 1260 Angla,
272 1201 437 1239 successore
450 1183 601 1258 ingenioso
617 1180 648 1238 G.
662 1182 863 1252 Lacbmaooo,
886 1199 962 1236 nunc
975 1178 1083 1238 Beroli·

147 1275 230 1339 nate3
260 1267 371 1322 labores
385 1275 499 1330 tamen,
521 1273 555 1320 ut
573 1273 653 1320 recte
673 1274 702 1320 et
718 1265 844 1320 feliciter
856 1263 1083 1340 progrediamur,

146 1351 263 1424 plurimi
284 1355 444 1422 supersunt.
486 1345 688 1404 Recedendum
702 1349 779 1402 enim
792 1365 854 1402 esse
874 1365 892 1402 a
911 1355 994 1402 tertis
1009 1367 1083 1404 rece·

145 1443 211 1508 pto,
233 1433 281 1506 qui
297 1431 375 1485 casui
389 1430 510 1485 fortuito
525 1449 606 1486 suam
619 1429 717 1486 debuit
730 1431 873 1506 originem
887 1438 916 1484 et
929 1431 1083 1484 auctorita-

147 1522 216 1583 tem,
229 1512 259 1568 id
273 1512 388 1587 quidem
399 1531 476 1568 nunc
490 1531 588 1568 ornnes
601 1513 716 1584 rident,
739 1515 789 1587 qui
806 1511 917 1587 aliquid
935 1514 967 1566 in
981 1510 1030 1568 bis
1042 1531 1083 1566 re

146 1595 199 1650 bus
227 1597 348 1668 sapiunt.
392 1594 481 1650 Ortus
509 1604 553 1650 est
577 1604 675 1651 textus
700 1604 832 1669 receptus
852 1614 888 1651 ex
911 1594 1082 1651 editionibus

146 1676 278 1743 artemi,
293 1676 518 1753 Stephanium&
531 1677 747 1748 Elaeoiriaaie,
762 1677 908 1734 codicibus
929 1679 1045 1753 graecis
1057 1679 1082 1732 in

147 1777 231 1814 usum
241 1761 352 1816 voeatis
364 1761 479 1834 paucis,
499 1761 672 1836 minimeque
690 1762 805 1835 optimis
823 1769 852 1816 et
868 1761 1081 1829 vetustissimis,
1099 1817 1100 1826 ἵ

148 1842 197 1898 sed
211 1843 327 1915 talibus,
342 1844 391 1918 qui
405 1843 480 1898 forte
494 1843 611 1900 fortuna
623 1845 654 1900 in
667 1861 768 1900 manus
781 1843 924 1898 editorum
937 1853 1081 1900 venerant.

146 1923 185 1980 Et
207 1925 258 1982 hos
277 1944 479 2001 saepenumero
492 1945 530 1982 ne
548 1928 733 1982 nominarunt
745 1925 861 2001 quidem
874 1925 1016 1996 editores,
1038 1933 1082 1981 aut

146 2009 239 2066 obiter
258 2009 460 2087 designarunt,
480 2019 513 2066 ut
525 2010 649 2066 dubitari
662 2011 771 2084 possit,
796 2012 944 2082 cujusnam
961 2009 1080 2074 ordinis,
1098 2053 1099 2072 ι

146 2093 219 2162 loci,
238 2096 324 2166 pretii
344 2093 460 2148 fuerint.
505 2093 636 2162 Accedit,
660 2092 736 2167 quod
755 2090 800 2148 bis
819 2091 997 2166 temporibus
1018 2091 1080 2147 libri

146 2176 345 2248 manuscripti
360 2193 418 2230 non
431 2174 594 2231 adstrictae
606 2174 783 2252 philologiae
797 2175 886 2252 leges,
895 2175 994 2250 quales
1007 2191 1080 2230 nunc

213 2355 240 2416 1)
260 2357 296 2401 Cf.
304 2356 334 2402 de
345 2357 434 2402 critico
445 2359 519 2413 atque
529 2358 663 2415 exegetica
673 2359 755 2416 pretio
767 2359 891 2405 versionis
898 2357 1017 2415 vulgatae
1027 2367 1078 2402 vir

144 2423 209 2481 Ess,
217 2429 351 2482 pragmat.
360 2425 423 2469 krtt.
435 2423 522 2470 Gereb-
532 2425 556 2470 d.
570 2425 641 2485 Vulg.
652 2440 676 2483 p.
686 2428 831 2472 471-477.
842 2426 884 2483 qui
898 2425 962 2471 liber
972 2425 1077 2483 diligen·

144 2491 241 2536 tissime
256 2491 363 2547 scriptus
379 2504 439 2536 vere
453 2494 536 2536 tamen
551 2505 604 2538 non
619 2494 734 2539 continet
752 2493 883 2540 historiam
903 2493 1078 2550 pragmaticam

145 2560 219 2614 atque
235 2557 358 2614 criticam,
371 2557 416 2602 sed
427 2559 552 2616 symbolas
562 2558 783 2619 locupletissimas,
794 2561 860 2606 lectu
870 2559 1008 2618 gratiisque
1020 2559 1077 2604 scri-

144 2625 213 2682 ptori
232 2623 352 2669 habendis
372 2624 530 2682 dignissimas
549 2626 580 2670 ad
599 2640 654 2674 eam
672 2629 757 2673 tuturo
773 2630 895 2685 'tempore
915 2625 1077 2672 scribendam.
1096 2587 1097 2681 d

145 2691 301 2738 Testimonia
318 2691 384 2736 enim
398 2692 433 2736 ita
448 2692 572 2738 cumulata
585 2697 656 2753 aaut,
674 2699 701 2740 ut
715 2696 806 2740 nubem
816 2695 916 2751 quidem
925 2693 1029 2738 testium
1040 2694 1077 2738 ba-

144 2761 204 2804 beas
214 2759 241 2804 in
251 2761 381 2815 utramque
391 2763 503 2817 partem,
517 2761 562 2806 sed
574 2761 728 2808 succinctam
742 2765 767 2808 et
781 2761 923 2819 elegantem
938 2761 1077 2806 enarratio·

143 2837 202 2870 nem
212 2825 354 2882 desiderem
373 2826 538 2882 repetitiones
552 2831 635 2874 autem
645 2841 730 2874 rerum
740 2829 886 2887 earundem,
897 2827 1076 2886 chronologico
1095 2855 1096 2866 ι

145 2904 205 2938 sane
217 2892 306 2938 ordine
317 2893 501 2952 expositarum,
518 2895 599 2939 nimio
611 2895 754 2942 subtilitatis
764 2896 847 2942 studio
862 2893 1076 2952 frequentissimae
1095 2871 1096 2933 l

146 2961 217 3016 sunt,
236 2962 265 3003 ut
280 2959 417 3016 impediant
431 2964 611 3017 monenturque
621 2961 750 3008 lectorem.
787 2963 860 3016 Quod
871 2961 984 3008 veritatis
995 2974 1074 3006 causa.

143 3037 196 3069 nou
206 3025 262 3070 ideo
274 3025 344 3083 dico,
360 3029 389 3071 ut
398 3027 494 3072 meritis
509 3029 606 3085 egregii
622 3029 671 3074 viri
685 3030 743 3086 quid
754 3031 890 3076 detraham.
926 3027 988 3074 inde
999 3028 1076 3085 placet

144 3091 891 3154 etiambreviusscriptumltironustr,lrrttiscbeGereba'cbte
901 3094 1074 3154 deerslgam.
1094 3107 1095 3187 p

144 3158 266 3205 Sulsbacb
277 3161 351 3204 1820.
362 3163 387 3204 8.
397 3159 444 3217 (cf.
452 3160 482 3207 de
493 3161 540 3220 hit,
550 3176 613 3218 quae
623 3177 700 3220 supra
710 3164 899 3222 disputavimus,
911 3177 934 3220 p.
946 3160 1073 3216 tratas.)

145 3227 194 3272 viri
209 3226 277 3272 docti
293 3230 319 3271 et
336 3227 442 3286 sinceri,
458 3229 501 3284 qui
516 3229 630 3286 inprimis
644 3231 786 3278 methodica
801 3234 875 3288 atque
885 3230 968 3287 logice
978 3230 1075 3286 potiora

143 3298 271 3339 momenta
285 3296 330 3339 sub
346 3308 395 3338 uno
413 3300 550 3352 conspectu
560 3297 659 3354 posuit;
683 3311 732 3354 quo
743 3300 782 3357 fit,
797 3297 946 3354 utquamuis
956 3310 1008 3340 van
1017 3293 1074 3341 Esrt'
1093 3331 1094 3350 ι

144 3362 271 3417 copiosam
288 3361 429 3406 doctrinam
442 3375 495 3408 non
505 3367 654 3419 assequutus
664 3364 710 3424 sit,
726 3367 809 3411 tamen
822 3364 922 3410 facilins
936 3363 1073 3409 lubentius·
1093 3357 1094 3439 i

144 3439 191 3482 que
201 3428 307 3486 legatur.
