<?xml version="1.0" encoding="UTF-8"?>
<!DOCTYPE html PUBLIC "-//W3C//DTD XHTML 1.0 Transitional//EN"
    "http://www.w3.org/TR/xhtml1/DTD/xhtml1-transitional.dtd">
<html xmlns="http://www.w3.org/1999/xhtml" xml:lang="en" lang="en">
 <head>
  <title>
</title>
<meta http-equiv="Content-Type" content="text/html;charset=utf-8" />
  <meta name='ocr-system' content='tesseract 3.04.00' />
  <meta name='ocr-capabilities' content='ocr_page ocr_carea ocr_par ocr_line ocrx_word'/>
</head>
<body>
  <div class='ocr_page' id='page_1' title='image "./novumtestamentu00flecgoog/novumtestamentu00flecgoog_0032.png"; bbox 0 0 2206 3880; ppageno 0'>
   <div class='ocr_carea' id='block_1_1' title="bbox 134 135 863 182">
    <p class='ocr_par' dir='ltr' id='par_1_1' title="bbox 134 135 863 182">
     <span class='ocr_line' id='line_1_1' title="bbox 134 135 863 182; baseline -0.005 -2"><span class='ocrx_word' id='word_1_1' title='bbox 134 135 219 180; x_wconf 77' lang='lat' dir='ltr'>XXIV</span> <span class='ocrx_word' id='word_1_2' title='bbox 351 135 626 182; x_wconf 65' lang='lat' dir='ltr'><strong>unumunurm</strong></span> <span class='ocrx_word' id='word_1_3' title='bbox 655 135 863 180; x_wconf 68' lang='lat' dir='ltr'><strong>{saeculum</strong></span> 
     </span>
    </p>
   </div>
   <div class='ocr_carea' id='block_1_2' title="bbox 134 262 1068 3476">
    <p class='ocr_par' dir='ltr' id='par_1_2' title="bbox 134 262 1068 2633">
     <span class='ocr_line' id='line_1_2' title="bbox 137 262 1067 341; baseline 0 -19"><span class='ocrx_word' id='word_1_4' title='bbox 137 267 231 322; x_wconf 88' lang='lat' dir='ltr'><strong>dierni</strong></span> <span class='ocrx_word' id='word_1_5' title='bbox 244 265 380 322; x_wconf 79' lang='lat' dir='ltr'><strong>italorum</strong></span> <span class='ocrx_word' id='word_1_6' title='bbox 394 269 544 336; x_wconf 86' lang='lat' dir='ltr'><strong>sermonis,</strong></span> <span class='ocrx_word' id='word_1_7' title='bbox 557 285 645 339; x_wconf 89' lang='lat' dir='ltr'><strong>prope</strong></span> <span class='ocrx_word' id='word_1_8' title='bbox 658 265 807 336; x_wconf 86' lang='lat' dir='ltr'><strong>accedunt,</strong></span> <span class='ocrx_word' id='word_1_9' title='bbox 817 262 1067 341; x_wconf 79' lang='lat' dir='ltr'><strong>Hieronymianun</strong></span> 
     </span>
     <span class='ocr_line' id='line_1_3' title="bbox 138 349 1068 426; baseline -0.001 -22"><span class='ocrx_word' id='word_1_10' title='bbox 138 350 251 405; x_wconf 89' lang='lat' dir='ltr'><strong>dicendi</strong></span> <span class='ocrx_word' id='word_1_11' title='bbox 265 369 355 426; x_wconf 86' lang='lat' dir='ltr'><strong>genus</strong></span> <span class='ocrx_word' id='word_1_12' title='bbox 368 351 461 424; x_wconf 86' lang='lat' dir='ltr'><strong>possis</strong></span> <span class='ocrx_word' id='word_1_13' title='bbox 471 354 538 422; x_wconf 82' lang='lat' dir='ltr'><strong>jure</strong></span> <span class='ocrx_word' id='word_1_14' title='bbox 551 359 601 403; x_wconf 91' lang='lat' dir='ltr'><strong>tuo</strong></span> <span class='ocrx_word' id='word_1_15' title='bbox 616 357 645 402; x_wconf 87' lang='lat' dir='ltr'><strong>et</strong></span> <span class='ocrx_word' id='word_1_16' title='bbox 659 358 769 404; x_wconf 86' lang='lat' dir='ltr'><strong>castum</strong></span> <span class='ocrx_word' id='word_1_17' title='bbox 783 357 812 402; x_wconf 87' lang='lat' dir='ltr'><strong>et</strong></span> <span class='ocrx_word' id='word_1_18' title='bbox 825 349 1004 422; x_wconf 87' lang='lat' dir='ltr'><strong>aliquantum</strong></span> <span class='ocrx_word' id='word_1_19' title='bbox 1018 352 1068 405; x_wconf 87' lang='lat' dir='ltr'><strong>ele-</strong></span> 
     </span>
     <span class='ocr_line' id='line_1_4' title="bbox 137 428 1067 507; baseline 0 -21"><span class='ocrx_word' id='word_1_20' title='bbox 137 451 208 507; x_wconf 89' lang='lat' dir='ltr'><strong>gans</strong></span> <span class='ocrx_word' id='word_1_21' title='bbox 223 433 372 506; x_wconf 83' lang='lat' dir='ltr'><strong>appellare.</strong></span> <span class='ocrx_word' id='word_1_22' title='bbox 415 429 487 486; x_wconf 84' lang='lat' dir='ltr'>Item</span> <span class='ocrx_word' id='word_1_23' title='bbox 506 434 668 506; x_wconf 87' lang='lat' dir='ltr'><strong>argumenti</strong></span> <span class='ocrx_word' id='word_1_24' title='bbox 681 432 805 485; x_wconf 84' lang='lat' dir='ltr'><strong>rationes</strong></span> <span class='ocrx_word' id='word_1_25' title='bbox 819 449 919 504; x_wconf 91' lang='lat' dir='ltr'><strong>puram</strong></span> <span class='ocrx_word' id='word_1_26' title='bbox 932 428 1067 488; x_wconf 89' lang='lat' dir='ltr'><strong>Latinita-</strong></span> 
     </span>
     <span class='ocr_line' id='line_1_5' title="bbox 136 511 1067 588; baseline 0 -20"><span class='ocrx_word' id='word_1_27' title='bbox 136 525 195 568; x_wconf 83' lang='lat' dir='ltr'><strong>tem</strong></span> <span class='ocrx_word' id='word_1_28' title='bbox 216 523 357 570; x_wconf 89' lang='lat' dir='ltr'><strong>recusant.</strong></span> <span class='ocrx_word' id='word_1_29' title='bbox 401 511 488 570; x_wconf 90' lang='lat' dir='ltr'><strong>Dicta</strong></span> <span class='ocrx_word' id='word_1_30' title='bbox 502 517 577 568; x_wconf 90' lang='lat' dir='ltr'><strong>enim</strong></span> <span class='ocrx_word' id='word_1_31' title='bbox 590 523 619 567; x_wconf 95' lang='lat' dir='ltr'><strong>et</strong></span> <span class='ocrx_word' id='word_1_32' title='bbox 631 515 737 586; x_wconf 85' lang='lat' dir='ltr'><strong>placita</strong></span> <span class='ocrx_word' id='word_1_33' title='bbox 751 531 896 567; x_wconf 86' lang='lat' dir='ltr'><strong>sacrarum</strong></span> <span class='ocrx_word' id='word_1_34' title='bbox 910 511 1067 588; x_wconf 86' lang='lat' dir='ltr'><strong>Scriptura-</strong></span> 
     </span>
     <span class='ocr_line' id='line_1_6' title="bbox 136 595 1067 672; baseline -0.001 -21"><span class='ocrx_word' id='word_1_35' title='bbox 136 616 199 652; x_wconf 87' lang='lat' dir='ltr'><strong>rum</strong></span> <span class='ocrx_word' id='word_1_36' title='bbox 214 616 300 672; x_wconf 92' lang='lat' dir='ltr'><strong>quum</strong></span> <span class='ocrx_word' id='word_1_37' title='bbox 313 598 372 650; x_wconf 88' lang='lat' dir='ltr'><strong>siut</strong></span> <span class='ocrx_word' id='word_1_38' title='bbox 384 595 540 670; x_wconf 83' lang='lat' dir='ltr'><strong>profunda,</strong></span> <span class='ocrx_word' id='word_1_39' title='bbox 559 597 690 666; x_wconf 83' lang='lat' dir='ltr'><strong>subtilia,</strong></span> <span class='ocrx_word' id='word_1_40' title='bbox 710 613 764 650; x_wconf 91' lang='lat' dir='ltr'><strong>nec</strong></span> <span class='ocrx_word' id='word_1_41' title='bbox 777 595 874 650; x_wconf 89' lang='lat' dir='ltr'><strong>audita</strong></span> <span class='ocrx_word' id='word_1_42' title='bbox 888 603 956 650; x_wconf 87' lang='lat' dir='ltr'><strong>ante</strong></span> <span class='ocrx_word' id='word_1_43' title='bbox 968 606 1067 652; x_wconf 88' lang='lat' dir='ltr'><strong>morta-</strong></span> 
     </span>
     <span class='ocr_line' id='line_1_7' title="bbox 136 677 1067 754; baseline -0.001 -21"><span class='ocrx_word' id='word_1_44' title='bbox 136 679 227 748; x_wconf 81' lang='lat' dir='ltr'>libus,</span> <span class='ocrx_word' id='word_1_45' title='bbox 255 679 323 753; x_wconf 93' lang='lat' dir='ltr'><strong>quid</strong></span> <span class='ocrx_word' id='word_1_46' title='bbox 339 679 453 733; x_wconf 88' lang='lat' dir='ltr'><strong>tandem</strong></span> <span class='ocrx_word' id='word_1_47' title='bbox 477 682 628 749; x_wconf 82' lang='lat' dir='ltr'>miramur,</span> <span class='ocrx_word' id='word_1_48' title='bbox 654 679 690 733; x_wconf 92' lang='lat' dir='ltr'><strong>ad</strong></span> <span class='ocrx_word' id='word_1_49' title='bbox 713 697 759 733; x_wconf 88' lang='lat' dir='ltr'><strong>res</strong></span> <span class='ocrx_word' id='word_1_50' title='bbox 777 696 866 734; x_wconf 84' lang='lat' dir='ltr'><strong>novas</strong></span> <span class='ocrx_word' id='word_1_51' title='bbox 885 677 1067 754; x_wconf 87' lang='lat' dir='ltr'><strong>designandas</strong></span> 
     </span>
     <span class='ocr_line' id='line_1_8' title="bbox 136 757 1066 838; baseline 0.001 -23"><span class='ocrx_word' id='word_1_52' title='bbox 136 762 224 816; x_wconf 87' lang='lat' dir='ltr'><strong>verba</strong></span> <span class='ocrx_word' id='word_1_53' title='bbox 238 765 324 816; x_wconf 89' lang='lat' dir='ltr'><strong>etiarn</strong></span> <span class='ocrx_word' id='word_1_54' title='bbox 338 780 413 816; x_wconf 89' lang='lat' dir='ltr'><strong>nova</strong></span> <span class='ocrx_word' id='word_1_55' title='bbox 427 761 505 832; x_wconf 88' lang='lat' dir='ltr'><strong>ficta,</strong></span> <span class='ocrx_word' id='word_1_56' title='bbox 519 764 576 817; x_wconf 93' lang='lat' dir='ltr'><strong>imo</strong></span> <span class='ocrx_word' id='word_1_57' title='bbox 592 779 712 816; x_wconf 83' lang='lat' dir='ltr'><strong>excussa</strong></span> <span class='ocrx_word' id='word_1_58' title='bbox 725 758 831 815; x_wconf 69' lang='lat' dir='ltr'><strong>suissed</strong></span> <span class='ocrx_word' id='word_1_59' title='bbox 848 757 887 816; x_wconf 84' lang='lat' dir='ltr'><strong>Et</strong></span> <span class='ocrx_word' id='word_1_60' title='bbox 900 763 964 836; x_wconf 86' lang='lat' dir='ltr'><strong>quis</strong></span> <span class='ocrx_word' id='word_1_61' title='bbox 977 770 1066 838; x_wconf 89' lang='lat' dir='ltr'><strong>neget,</strong></span> 
     </span>
     <span class='ocr_line' id='line_1_9' title="bbox 136 841 1065 920; baseline 0.002 -24"><span class='ocrx_word' id='word_1_62' title='bbox 136 853 266 898; x_wconf 80' lang='lat' dir='ltr'><strong>veterum</strong></span> <span class='ocrx_word' id='word_1_63' title='bbox 280 841 472 902; x_wconf 84' lang='lat' dir='ltr'><strong>Romanorum</strong></span> <span class='ocrx_word' id='word_1_64' title='bbox 489 847 604 900; x_wconf 84' lang='lat' dir='ltr'><strong>omnino</strong></span> <span class='ocrx_word' id='word_1_65' title='bbox 628 847 756 920; x_wconf 81' lang='lat' dir='ltr'>linguam</span> <span class='ocrx_word' id='word_1_66' title='bbox 775 843 811 898; x_wconf 90' lang='lat' dir='ltr'><strong>ad</strong></span> <span class='ocrx_word' id='word_1_67' title='bbox 830 863 876 898; x_wconf 89' lang='lat' dir='ltr'><strong>res</strong></span> <span class='ocrx_word' id='word_1_68' title='bbox 895 843 1009 900; x_wconf 85' lang='lat' dir='ltr'><strong>divinas</strong></span> <span class='ocrx_word' id='word_1_69' title='bbox 1023 863 1065 898; x_wconf 84' lang='lat' dir='ltr'><strong>ex·</strong></span> 
     </span>
     <span class='ocr_line' id='line_1_10' title="bbox 137 925 1066 999; baseline 0.002 -20"><span class='ocrx_word' id='word_1_70' title='bbox 137 925 282 998; x_wconf 88' lang='lat' dir='ltr'><strong>plicandas</strong></span> <span class='ocrx_word' id='word_1_71' title='bbox 305 937 335 980; x_wconf 89' lang='lat' dir='ltr'><strong>et</strong></span> <span class='ocrx_word' id='word_1_72' title='bbox 356 927 392 981; x_wconf 88' lang='lat' dir='ltr'><strong>ad</strong></span> <span class='ocrx_word' id='word_1_73' title='bbox 411 929 562 983; x_wconf 78' lang='lat' dir='ltr'><strong>interiores</strong></span> <span class='ocrx_word' id='word_1_74' title='bbox 576 929 707 982; x_wconf 89' lang='lat' dir='ltr'><strong>notiones</strong></span> <span class='ocrx_word' id='word_1_75' title='bbox 723 925 893 981; x_wconf 86' lang='lat' dir='ltr'><strong>christianas</strong></span> <span class='ocrx_word' id='word_1_76' title='bbox 907 927 1066 999; x_wconf 86' lang='lat' dir='ltr'><strong>aperiendas</strong></span> 
     </span>
     <span class='ocr_line' id='line_1_11' title="bbox 135 1005 1066 1085; baseline 0.003 -24"><span class='ocrx_word' id='word_1_77' title='bbox 135 1026 235 1081; x_wconf 89' lang='lat' dir='ltr'><strong>parum</strong></span> <span class='ocrx_word' id='word_1_78' title='bbox 252 1010 357 1064; x_wconf 81' lang='lat' dir='ltr'><strong>cultum</strong></span> <span class='ocrx_word' id='word_1_79' title='bbox 369 1010 575 1085; x_wconf 85' lang='lat' dir='ltr'><strong>formatamque</strong></span> <span class='ocrx_word' id='word_1_80' title='bbox 592 1007 702 1064; x_wconf 65' lang='lat' dir='ltr'><strong>suisset</strong></span> <span class='ocrx_word' id='word_1_81' title='bbox 743 1007 858 1063; x_wconf 80' lang='lat' dir='ltr'>Exinde</span> <span class='ocrx_word' id='word_1_82' title='bbox 871 1005 1014 1064; x_wconf 77' lang='lat' dir='ltr'><strong>Latinitas</strong></span> <span class='ocrx_word' id='word_1_83' title='bbox 1028 1029 1066 1064; x_wconf 87' lang='lat' dir='ltr'><strong>eo·</strong></span> 
     </span>
     <span class='ocr_line' id='line_1_12' title="bbox 138 1091 1065 1168; baseline 0.003 -25"><span class='ocrx_word' id='word_1_84' title='bbox 138 1092 312 1161; x_wconf 89' lang='lat' dir='ltr'><strong>clesiastiea,</strong></span> <span class='ocrx_word' id='word_1_85' title='bbox 339 1091 516 1168; x_wconf 86' lang='lat' dir='ltr'><strong>theologica,</strong></span> <span class='ocrx_word' id='word_1_86' title='bbox 544 1094 680 1168; x_wconf 86' lang='lat' dir='ltr'><strong>religiosa</strong></span> <span class='ocrx_word' id='word_1_87' title='bbox 706 1093 737 1146; x_wconf 89' lang='lat' dir='ltr'><strong>in</strong></span> <span class='ocrx_word' id='word_1_88' title='bbox 765 1092 894 1146; x_wconf 86' lang='lat' dir='ltr'><strong>ecclesiis</strong></span> <span class='ocrx_word' id='word_1_89' title='bbox 915 1099 945 1144; x_wconf 91' lang='lat' dir='ltr'><strong>et</strong></span> <span class='ocrx_word' id='word_1_90' title='bbox 966 1091 1065 1146; x_wconf 84' lang='lat' dir='ltr'><strong>scholis</strong></span> 
     </span>
     <span class='ocr_line' id='line_1_13' title="bbox 137 1172 1065 1248; baseline 0.002 -21"><span class='ocrx_word' id='word_1_91' title='bbox 137 1172 301 1230; x_wconf 87' lang='lat' dir='ltr'><strong>christianis</strong></span> <span class='ocrx_word' id='word_1_92' title='bbox 314 1178 445 1244; x_wconf 76' lang='lat' dir='ltr'><strong>emersit,</strong></span> <span class='ocrx_word' id='word_1_93' title='bbox 465 1177 551 1229; x_wconf 84' lang='lat' dir='ltr'><strong>latiur</strong></span> <span class='ocrx_word' id='word_1_94' title='bbox 565 1174 657 1229; x_wconf 89' lang='lat' dir='ltr'><strong>tendit</strong></span> <span class='ocrx_word' id='word_1_95' title='bbox 680 1174 848 1248; x_wconf 86' lang='lat' dir='ltr'><strong>tendetque‚</strong></span> <span class='ocrx_word' id='word_1_96' title='bbox 867 1192 1014 1248; x_wconf 84' lang='lat' dir='ltr'>quousque</span> <span class='ocrx_word' id='word_1_97' title='bbox 1028 1193 1065 1229; x_wconf 84' lang='lat' dir='ltr'><strong>res</strong></span> 
     </span>
     <span class='ocr_line' id='line_1_14' title="bbox 135 1254 1065 1332; baseline 0.001 -23"><span class='ocrx_word' id='word_1_98' title='bbox 135 1254 315 1332; x_wconf 77' lang='lat' dir='ltr'><strong>theologicae</strong></span> <span class='ocrx_word' id='word_1_99' title='bbox 327 1259 416 1312; x_wconf 88' lang='lat' dir='ltr'><strong>latine</strong></span> <span class='ocrx_word' id='word_1_100' title='bbox 430 1265 622 1330; x_wconf 71' lang='lat' dir='ltr'><strong>exponentur,</strong></span> <span class='ocrx_word' id='word_1_101' title='bbox 645 1275 702 1312; x_wconf 91' lang='lat' dir='ltr'><strong>non</strong></span> <span class='ocrx_word' id='word_1_102' title='bbox 715 1257 845 1326; x_wconf 90' lang='lat' dir='ltr'><strong>arbitrio,</strong></span> <span class='ocrx_word' id='word_1_103' title='bbox 859 1273 917 1310; x_wconf 91' lang='lat' dir='ltr'><strong>non</strong></span> <span class='ocrx_word' id='word_1_104' title='bbox 931 1274 1010 1328; x_wconf 83' lang='lat' dir='ltr'><strong>casu,</strong></span> <span class='ocrx_word' id='word_1_105' title='bbox 1026 1255 1065 1312; x_wconf 88' lang='lat' dir='ltr'><strong>sed</strong></span> 
     </span>
     <span class='ocr_line' id='line_1_15' title="bbox 136 1335 1065 1413; baseline 0 -19"><span class='ocrx_word' id='word_1_106' title='bbox 136 1339 255 1413; x_wconf 89' lang='lat' dir='ltr'><strong>quadam</strong></span> <span class='ocrx_word' id='word_1_107' title='bbox 269 1341 449 1394; x_wconf 77' lang='lat' dir='ltr'><strong>necessitate.</strong></span> <span class='ocrx_word' id='word_1_108' title='bbox 493 1339 575 1404; x_wconf 79' lang='lat' dir='ltr'><strong>Quod</strong></span> <span class='ocrx_word' id='word_1_109' title='bbox 590 1348 686 1394; x_wconf 88' lang='lat' dir='ltr'><strong>autem</strong></span> <span class='ocrx_word' id='word_1_110' title='bbox 699 1341 776 1394; x_wconf 87' lang='lat' dir='ltr'><strong>intra</strong></span> <span class='ocrx_word' id='word_1_111' title='bbox 789 1335 1018 1394; x_wconf 83' lang='lat' dir='ltr'><strong>Protestantium</strong></span> <span class='ocrx_word' id='word_1_112' title='bbox 1030 1339 1065 1394; x_wconf 85' lang='lat' dir='ltr'><strong>fa-</strong></span> 
     </span>
     <span class='ocr_line' id='line_1_16' title="bbox 135 1417 1064 1498; baseline 0.001 -24"><span class='ocrx_word' id='word_1_113' title='bbox 135 1423 229 1475; x_wconf 90' lang='lat' dir='ltr'><strong>milias</strong></span> <span class='ocrx_word' id='word_1_114' title='bbox 255 1421 361 1476; x_wconf 90' lang='lat' dir='ltr'><strong>accidit</strong></span> <span class='ocrx_word' id='word_1_115' title='bbox 390 1423 573 1477; x_wconf 87' lang='lat' dir='ltr'><strong>translationi</strong></span> <span class='ocrx_word' id='word_1_116' title='bbox 604 1423 785 1498; x_wconf 83' lang='lat' dir='ltr'><strong>germanicae</strong></span> <span class='ocrx_word' id='word_1_117' title='bbox 812 1417 950 1492; x_wconf 86' lang='lat' dir='ltr'><strong>Lutheri,</strong></span> <span class='ocrx_word' id='word_1_118' title='bbox 977 1432 1012 1477; x_wconf 92' lang='lat' dir='ltr'><strong>ut</strong></span> <span class='ocrx_word' id='word_1_119' title='bbox 1042 1425 1064 1476; x_wconf 86' lang='lat' dir='ltr'><strong>in</strong></span> 
     </span>
     <span class='ocr_line' id='line_1_17' title="bbox 136 1505 1065 1580; baseline 0 -23"><span class='ocrx_word' id='word_1_120' title='bbox 136 1505 262 1558; x_wconf 91' lang='lat' dir='ltr'><strong>omnium</strong></span> <span class='ocrx_word' id='word_1_121' title='bbox 277 1523 326 1558; x_wconf 90' lang='lat' dir='ltr'><strong>ore</strong></span> <span class='ocrx_word' id='word_1_122' title='bbox 339 1507 387 1572; x_wconf 88' lang='lat' dir='ltr'><strong>sit,</strong></span> <span class='ocrx_word' id='word_1_123' title='bbox 403 1505 654 1580; x_wconf 86' lang='lat' dir='ltr'><strong>quotidianumque</strong></span> <span class='ocrx_word' id='word_1_124' title='bbox 668 1523 828 1559; x_wconf 88' lang='lat' dir='ltr'><strong>sermonem</strong></span> <span class='ocrx_word' id='word_1_125' title='bbox 842 1521 926 1576; x_wconf 83' lang='lat' dir='ltr'><strong>saepe</strong></span> <span class='ocrx_word' id='word_1_126' title='bbox 939 1507 1065 1559; x_wconf 84' lang='lat' dir='ltr'><strong>invitaet</strong></span> 
     </span>
     <span class='ocr_line' id='line_1_18' title="bbox 136 1581 1065 1662; baseline 0.001 -23"><span class='ocrx_word' id='word_1_127' title='bbox 136 1589 228 1640; x_wconf 88' lang='lat' dir='ltr'><strong>inscia</strong></span> <span class='ocrx_word' id='word_1_128' title='bbox 241 1586 352 1656; x_wconf 84' lang='lat' dir='ltr'><strong>flectat,</strong></span> <span class='ocrx_word' id='word_1_129' title='bbox 366 1596 398 1642; x_wconf 91' lang='lat' dir='ltr'><strong>ut</strong></span> <span class='ocrx_word' id='word_1_130' title='bbox 411 1587 562 1660; x_wconf 81' lang='lat' dir='ltr'><strong>proverbia</strong></span> <span class='ocrx_word' id='word_1_131' title='bbox 574 1605 631 1642; x_wconf 91' lang='lat' dir='ltr'><strong>non</strong></span> <span class='ocrx_word' id='word_1_132' title='bbox 645 1605 735 1660; x_wconf 91' lang='lat' dir='ltr'><strong>pauca</strong></span> <span class='ocrx_word' id='word_1_133' title='bbox 749 1605 786 1641; x_wconf 83' lang='lat' dir='ltr'><strong>ex</strong></span> <span class='ocrx_word' id='word_1_134' title='bbox 800 1605 834 1640; x_wconf 89' lang='lat' dir='ltr'><strong>ea</strong></span> <span class='ocrx_word' id='word_1_135' title='bbox 848 1585 1016 1642; x_wconf 88' lang='lat' dir='ltr'><strong>deriventur</strong></span> <span class='ocrx_word' id='word_1_136' title='bbox 1029 1581 1065 1662; x_wconf 87' lang='lat' dir='ltr'><strong>(id</strong></span> 
     </span>
     <span class='ocr_line' id='line_1_19' title="bbox 136 1666 1064 1748; baseline 0 -24"><span class='ocrx_word' id='word_1_137' title='bbox 136 1668 225 1742; x_wconf 89' lang='lat' dir='ltr'><strong>quod,</strong></span> <span class='ocrx_word' id='word_1_138' title='bbox 246 1688 301 1743; x_wconf 93' lang='lat' dir='ltr'><strong>quo</strong></span> <span class='ocrx_word' id='word_1_139' title='bbox 321 1669 427 1725; x_wconf 88' lang='lat' dir='ltr'><strong>diutius</strong></span> <span class='ocrx_word' id='word_1_140' title='bbox 441 1672 560 1740; x_wconf 77' lang='lat' dir='ltr'><strong>vivitur,</strong></span> <span class='ocrx_word' id='word_1_141' title='bbox 575 1689 608 1724; x_wconf 89' lang='lat' dir='ltr'><strong>eo</strong></span> <span class='ocrx_word' id='word_1_142' title='bbox 623 1671 734 1743; x_wconf 88' lang='lat' dir='ltr'><strong>saepius</strong></span> <span class='ocrx_word' id='word_1_143' title='bbox 747 1666 1016 1748; x_wconf 85' lang='lat' dir='ltr'><strong>animadvertitur):</strong></span> <span class='ocrx_word' id='word_1_144' title='bbox 1034 1671 1064 1724; x_wconf 90' lang='lat' dir='ltr'><strong>si-</strong></span> 
     </span>
     <span class='ocr_line' id='line_1_20' title="bbox 135 1751 1065 1830; baseline 0.001 -26"><span class='ocrx_word' id='word_1_145' title='bbox 135 1753 211 1806; x_wconf 90' lang='lat' dir='ltr'><strong>milis</strong></span> <span class='ocrx_word' id='word_1_146' title='bbox 233 1753 307 1806; x_wconf 88' lang='lat' dir='ltr'><strong>ratio</strong></span> <span class='ocrx_word' id='word_1_147' title='bbox 322 1761 366 1807; x_wconf 88' lang='lat' dir='ltr'><strong>est</strong></span> <span class='ocrx_word' id='word_1_148' title='bbox 377 1755 518 1808; x_wconf 77' lang='lat' dir='ltr'><strong>versionis</strong></span> <span class='ocrx_word' id='word_1_149' title='bbox 534 1751 674 1830; x_wconf 88' lang='lat' dir='ltr'><strong>Vulgatae</strong></span> <span class='ocrx_word' id='word_1_150' title='bbox 688 1768 774 1826; x_wconf 89' lang='lat' dir='ltr'><strong>penes</strong></span> <span class='ocrx_word' id='word_1_151' title='bbox 793 1752 920 1808; x_wconf 88' lang='lat' dir='ltr'><strong>adseclas</strong></span> <span class='ocrx_word' id='word_1_152' title='bbox 935 1754 1065 1808; x_wconf 87' lang='lat' dir='ltr'><strong>ecclesiae</strong></span> 
     </span>
     <span class='ocr_line' id='line_1_21' title="bbox 135 1831 1064 1909; baseline 0.001 -22"><span class='ocrx_word' id='word_1_153' title='bbox 135 1831 289 1890; x_wconf 86' lang='lat' dir='ltr'><strong>Romanae.</strong></span> <span class='ocrx_word' id='word_1_154' title='bbox 332 1834 376 1890; x_wconf 84' lang='lat' dir='ltr'><strong>Ad</strong></span> <span class='ocrx_word' id='word_1_155' title='bbox 392 1834 477 1909; x_wconf 82' lang='lat' dir='ltr'><strong>huJ&#39;us</strong></span> <span class='ocrx_word' id='word_1_156' title='bbox 500 1838 575 1890; x_wconf 90' lang='lat' dir='ltr'><strong>enim</strong></span> <span class='ocrx_word' id='word_1_157' title='bbox 597 1853 712 1890; x_wconf 91' lang='lat' dir='ltr'><strong>normae</strong></span> <span class='ocrx_word' id='word_1_158' title='bbox 728 1835 870 1908; x_wconf 88' lang='lat' dir='ltr'><strong>judicium</strong></span> <span class='ocrx_word' id='word_1_159' title='bbox 884 1835 1064 1909; x_wconf 86' lang='lat' dir='ltr'><strong>disputatura</strong></span> 
     </span>
     <span class='ocr_line' id='line_1_22' title="bbox 134 1915 1064 1994; baseline 0 -23"><span class='ocrx_word' id='word_1_160' title='bbox 134 1915 277 1993; x_wconf 83' lang='lat' dir='ltr'><strong>theologis</strong></span> <span class='ocrx_word' id='word_1_161' title='bbox 292 1919 322 1972; x_wconf 93' lang='lat' dir='ltr'><strong>in</strong></span> <span class='ocrx_word' id='word_1_162' title='bbox 337 1917 454 1989; x_wconf 88' lang='lat' dir='ltr'><strong>scholis,</strong></span> <span class='ocrx_word' id='word_1_163' title='bbox 469 1921 615 1994; x_wconf 77' lang='lat' dir='ltr'><strong>collegiis,</strong></span> <span class='ocrx_word' id='word_1_164' title='bbox 630 1919 806 1988; x_wconf 86' lang='lat' dir='ltr'><strong>seminariis,</strong></span> <span class='ocrx_word' id='word_1_165' title='bbox 821 1917 986 1988; x_wconf 90' lang='lat' dir='ltr'><strong>academiis,</strong></span> <span class='ocrx_word' id='word_1_166' title='bbox 1000 1919 1064 1991; x_wconf 90' lang='lat' dir='ltr'><strong>legi·</strong></span> 
     </span>
     <span class='ocr_line' id='line_1_23' title="bbox 134 2001 1065 2071; baseline -0.001 -17"><span class='ocrx_word' id='word_1_167' title='bbox 134 2009 183 2054; x_wconf 87' lang='lat' dir='ltr'><strong>tur</strong></span> <span class='ocrx_word' id='word_1_168' title='bbox 195 2003 292 2071; x_wconf 89' lang='lat' dir='ltr'><strong>missa,</strong></span> <span class='ocrx_word' id='word_1_169' title='bbox 308 2010 459 2057; x_wconf 86' lang='lat' dir='ltr'><strong>cantantur</strong></span> <span class='ocrx_word' id='word_1_170' title='bbox 474 2005 601 2057; x_wconf 90' lang='lat' dir='ltr'><strong>carmina</strong></span> <span class='ocrx_word' id='word_1_171' title='bbox 614 2020 710 2071; x_wconf 90' lang='lat' dir='ltr'><strong>sacra,</strong></span> <span class='ocrx_word' id='word_1_172' title='bbox 729 2001 893 2056; x_wconf 88' lang='lat' dir='ltr'><strong>scribuntur</strong></span> <span class='ocrx_word' id='word_1_173' title='bbox 905 2003 1065 2056; x_wconf 87' lang='lat' dir='ltr'><strong>mittuntur-</strong></span> 
     </span>
     <span class='ocr_line' id='line_1_24' title="bbox 137 2082 1064 2158; baseline 0 -21"><span class='ocrx_word' id='word_1_174' title='bbox 137 2101 191 2156; x_wconf 88' lang='lat' dir='ltr'><strong>que</strong></span> <span class='ocrx_word' id='word_1_175' title='bbox 205 2085 356 2157; x_wconf 91' lang='lat' dir='ltr'><strong>epistolae,</strong></span> <span class='ocrx_word' id='word_1_176' title='bbox 375 2085 490 2154; x_wconf 85' lang='lat' dir='ltr'><strong>breves,</strong></span> <span class='ocrx_word' id='word_1_177' title='bbox 510 2085 602 2139; x_wconf 90' lang='lat' dir='ltr'><strong>bullae</strong></span> <span class='ocrx_word' id='word_1_178' title='bbox 615 2082 788 2138; x_wconf 87' lang='lat' dir='ltr'><strong>Pontificum</strong></span> <span class='ocrx_word' id='word_1_179' title='bbox 802 2083 908 2138; x_wconf 87' lang='lat' dir='ltr'><strong>crebris</strong></span> <span class='ocrx_word' id='word_1_180' title='bbox 923 2085 1064 2158; x_wconf 81' lang='lat' dir='ltr'><strong>allegatio-</strong></span> 
     </span>
     <span class='ocr_line' id='line_1_25' title="bbox 135 2163 1065 2239; baseline -0.002 -20"><span class='ocrx_word' id='word_1_181' title='bbox 135 2165 227 2220; x_wconf 86' lang='lat' dir='ltr'><strong>nibus.</strong></span> <span class='ocrx_word' id='word_1_182' title='bbox 270 2163 352 2220; x_wconf 89' lang='lat' dir='ltr'><strong>Unde</strong></span> <span class='ocrx_word' id='word_1_183' title='bbox 373 2176 452 2220; x_wconf 87' lang='lat' dir='ltr'><strong>recte</strong></span> <span class='ocrx_word' id='word_1_184' title='bbox 474 2169 516 2220; x_wconf 89' lang='lat' dir='ltr'><strong>sic</strong></span> <span class='ocrx_word' id='word_1_185' title='bbox 538 2165 626 2236; x_wconf 66' lang='lat' dir='ltr'><strong>fieri,</strong></span> <span class='ocrx_word' id='word_1_186' title='bbox 643 2175 709 2239; x_wconf 90' lang='lat' dir='ltr'><strong>apte</strong></span> <span class='ocrx_word' id='word_1_187' title='bbox 728 2165 924 2238; x_wconf 81' lang='lat' dir='ltr'><strong>contenditur3</strong></span> <span class='ocrx_word' id='word_1_188' title='bbox 957 2166 1065 2220; x_wconf 85' lang='lat' dir='ltr'><strong>exclusa</strong></span> 
     </span>
     <span class='ocr_line' id='line_1_26' title="bbox 134 2247 1064 2323; baseline -0.003 -22"><span class='ocrx_word' id='word_1_189' title='bbox 134 2250 211 2302; x_wconf 91' lang='lat' dir='ltr'><strong>enim</strong></span> <span class='ocrx_word' id='word_1_190' title='bbox 225 2249 325 2323; x_wconf 88' lang='lat' dir='ltr'><strong>lingua</strong></span> <span class='ocrx_word' id='word_1_191' title='bbox 338 2251 441 2320; x_wconf 89' lang='lat' dir='ltr'><strong>patria,</strong></span> <span class='ocrx_word' id='word_1_192' title='bbox 456 2250 504 2322; x_wconf 94' lang='lat' dir='ltr'><strong>qui</strong></span> <span class='ocrx_word' id='word_1_193' title='bbox 516 2257 615 2303; x_wconf 82' lang='lat' dir='ltr'><strong>vetere</strong></span> <span class='ocrx_word' id='word_1_194' title='bbox 628 2258 757 2304; x_wconf 88' lang='lat' dir='ltr'><strong>emortua</strong></span> <span class='ocrx_word' id='word_1_195' title='bbox 771 2257 908 2318; x_wconf 87' lang='lat' dir='ltr'><strong>utuntur,</strong></span> <span class='ocrx_word' id='word_1_196' title='bbox 930 2247 975 2304; x_wconf 84' lang='lat' dir='ltr'><strong>bis</strong></span> <span class='ocrx_word' id='word_1_197' title='bbox 989 2248 1064 2302; x_wconf 80' lang='lat' dir='ltr'><strong>noris</strong></span> 
     </span>
     <span class='ocr_line' id='line_1_27' title="bbox 135 2329 1066 2401; baseline -0.001 -18"><span class='ocrx_word' id='word_1_198' title='bbox 135 2329 282 2384; x_wconf 85' lang='lat' dir='ltr'><strong>vocabulis</strong></span> <span class='ocrx_word' id='word_1_199' title='bbox 300 2329 436 2384; x_wconf 88' lang='lat' dir='ltr'><strong>utendum</strong></span> <span class='ocrx_word' id='word_1_200' title='bbox 459 2340 515 2401; x_wconf 80' lang='lat' dir='ltr'><strong>est3</strong></span> <span class='ocrx_word' id='word_1_201' title='bbox 550 2349 626 2386; x_wconf 88' lang='lat' dir='ltr'><strong>nova</strong></span> <span class='ocrx_word' id='word_1_202' title='bbox 644 2335 720 2386; x_wconf 90' lang='lat' dir='ltr'><strong>enim</strong></span> <span class='ocrx_word' id='word_1_203' title='bbox 741 2335 809 2387; x_wconf 78' lang='lat' dir='ltr'><strong>vina</strong></span> <span class='ocrx_word' id='word_1_204' title='bbox 832 2349 890 2386; x_wconf 93' lang='lat' dir='ltr'><strong>non</strong></span> <span class='ocrx_word' id='word_1_205' title='bbox 914 2333 972 2386; x_wconf 88' lang='lat' dir='ltr'><strong>nisi</strong></span> <span class='ocrx_word' id='word_1_206' title='bbox 991 2331 1066 2385; x_wconf 86' lang='lat' dir='ltr'><strong>novis</strong></span> 
     </span>
     <span class='ocr_line' id='line_1_28' title="bbox 135 2411 1065 2489; baseline -0.001 -23"><span class='ocrx_word' id='word_1_207' title='bbox 135 2413 246 2467; x_wconf 84' lang='lat' dir='ltr'><strong>utribus</strong></span> <span class='ocrx_word' id='word_1_208' title='bbox 262 2413 346 2467; x_wconf 90' lang='lat' dir='ltr'><strong>condi</strong></span> <span class='ocrx_word' id='word_1_209' title='bbox 358 2421 485 2486; x_wconf 87' lang='lat' dir='ltr'><strong>possunt.</strong></span> <span class='ocrx_word' id='word_1_210' title='bbox 525 2411 598 2468; x_wconf 92' lang='lat' dir='ltr'><strong>Nolo</strong></span> <span class='ocrx_word' id='word_1_211' title='bbox 612 2423 718 2484; x_wconf 90' lang='lat' dir='ltr'><strong>tamen,</strong></span> <span class='ocrx_word' id='word_1_212' title='bbox 731 2425 764 2470; x_wconf 92' lang='lat' dir='ltr'><strong>ut</strong></span> <span class='ocrx_word' id='word_1_213' title='bbox 777 2415 869 2469; x_wconf 91' lang='lat' dir='ltr'><strong>dicam</strong></span> <span class='ocrx_word' id='word_1_214' title='bbox 882 2413 957 2489; x_wconf 91' lang='lat' dir='ltr'><strong>quod</strong></span> <span class='ocrx_word' id='word_1_215' title='bbox 970 2414 1065 2476; x_wconf 79' lang='lat' dir='ltr'><strong>sentio,</strong></span> 
     </span>
     <span class='ocr_line' id='line_1_29' title="bbox 135 2492 1066 2570; baseline 0 -22"><span class='ocrx_word' id='word_1_216' title='bbox 135 2503 271 2569; x_wconf 88' lang='lat' dir='ltr'><strong>patronus</strong></span> <span class='ocrx_word' id='word_1_217' title='bbox 288 2494 499 2570; x_wconf 86' lang='lat' dir='ltr'><strong>advocatusque</strong></span> <span class='ocrx_word' id='word_1_218' title='bbox 515 2495 614 2551; x_wconf 86' lang='lat' dir='ltr'><strong>baberi</strong></span> <span class='ocrx_word' id='word_1_219' title='bbox 633 2497 781 2553; x_wconf 88' lang='lat' dir='ltr'><strong>barbariae</strong></span> <span class='ocrx_word' id='word_1_220' title='bbox 798 2496 1002 2566; x_wconf 87' lang='lat' dir='ltr'><strong>scholasticae,</strong></span> <span class='ocrx_word' id='word_1_221' title='bbox 1025 2492 1066 2549; x_wconf 88' lang='lat' dir='ltr'><strong>sed</strong></span> 
     </span>
     <span class='ocr_line' id='line_1_30' title="bbox 135 2579 324 2633; baseline 0.011 -3"><span class='ocrx_word' id='word_1_222' title='bbox 135 2579 324 2633; x_wconf 84' lang='lat' dir='ltr'><strong>necessitatis.</strong></span> 
     </span>
    </p>

    <p class='ocr_par' dir='ltr' id='par_1_3' title="bbox 134 2659 1067 3476">
     <span class='ocr_line' id='line_1_31' title="bbox 196 2659 1066 2735; baseline 0 -23"><span class='ocrx_word' id='word_1_223' title='bbox 196 2659 316 2716; x_wconf 22' lang='lat' dir='ltr'><strong>..critica</strong></span> <span class='ocrx_word' id='word_1_224' title='bbox 331 2671 426 2716; x_wconf 87' lang='lat' dir='ltr'><strong>autem</strong></span> <span class='ocrx_word' id='word_1_225' title='bbox 440 2680 504 2734; x_wconf 87' lang='lat' dir='ltr'><strong>pars</strong></span> <span class='ocrx_word' id='word_1_226' title='bbox 515 2665 658 2717; x_wconf 73' lang='lat' dir='ltr'><strong>‘versionis</strong></span> <span class='ocrx_word' id='word_1_227' title='bbox 672 2666 713 2732; x_wconf 87' lang='lat' dir='ltr'><strong>ita</strong></span> <span class='ocrx_word' id='word_1_228' title='bbox 728 2671 890 2735; x_wconf 86' lang='lat' dir='ltr'><strong>comparata</strong></span> <span class='ocrx_word' id='word_1_229' title='bbox 904 2671 962 2729; x_wconf 89' lang='lat' dir='ltr'><strong>est,</strong></span> <span class='ocrx_word' id='word_1_230' title='bbox 977 2671 1010 2714; x_wconf 92' lang='lat' dir='ltr'><strong>ut</strong></span> <span class='ocrx_word' id='word_1_231' title='bbox 1024 2660 1066 2712; x_wconf 94' lang='lat' dir='ltr'><strong>du·</strong></span> 
     </span>
     <span class='ocr_line' id='line_1_32' title="bbox 135 2741 1066 2821; baseline -0.002 -25"><span class='ocrx_word' id='word_1_232' title='bbox 135 2743 320 2799; x_wconf 88' lang='lat' dir='ltr'><strong>bitationibus</strong></span> <span class='ocrx_word' id='word_1_233' title='bbox 335 2753 364 2798; x_wconf 90' lang='lat' dir='ltr'><strong>et</strong></span> <span class='ocrx_word' id='word_1_234' title='bbox 380 2744 496 2817; x_wconf 84' lang='lat' dir='ltr'><strong>judiciis</strong></span> <span class='ocrx_word' id='word_1_235' title='bbox 510 2747 587 2800; x_wconf 88' lang='lat' dir='ltr'><strong>intra</strong></span> <span class='ocrx_word' id='word_1_236' title='bbox 605 2763 636 2799; x_wconf 88' lang='lat' dir='ltr'><strong>se</strong></span> <span class='ocrx_word' id='word_1_237' title='bbox 658 2745 850 2821; x_wconf 88' lang='lat' dir='ltr'><strong>pugnantibus</strong></span> <span class='ocrx_word' id='word_1_238' title='bbox 869 2745 994 2799; x_wconf 84' lang='lat' dir='ltr'><strong>obnoxia</strong></span> <span class='ocrx_word' id='word_1_239' title='bbox 1012 2741 1066 2796; x_wconf 82' lang='lat' dir='ltr'><strong>fue·</strong></span> 
     </span>
     <span class='ocr_line' id='line_1_33' title="bbox 135 2823 1066 2902; baseline -0.001 -24"><span class='ocrx_word' id='word_1_240' title='bbox 135 2827 182 2878; x_wconf 89' lang='lat' dir='ltr'><strong>rit.</strong></span> <span class='ocrx_word' id='word_1_241' title='bbox 226 2823 315 2881; x_wconf 90' lang='lat' dir='ltr'><strong>Nobis</strong></span> <span class='ocrx_word' id='word_1_242' title='bbox 338 2845 395 2880; x_wconf 94' lang='lat' dir='ltr'><strong>nou</strong></span> <span class='ocrx_word' id='word_1_243' title='bbox 418 2827 523 2881; x_wconf 87' lang='lat' dir='ltr'><strong>licebat</strong></span> <span class='ocrx_word' id='word_1_244' title='bbox 542 2837 639 2882; x_wconf 83' lang='lat' dir='ltr'><strong>textus</strong></span> <span class='ocrx_word' id='word_1_245' title='bbox 659 2828 913 2883; x_wconf 87' lang='lat' dir='ltr'><strong>conformationem</strong></span> <span class='ocrx_word' id='word_1_246' title='bbox 930 2833 1066 2902; x_wconf 83' lang='lat' dir='ltr'><strong>receptam</strong></span> 
     </span>
     <span class='ocr_line' id='line_1_34' title="bbox 136 2908 1065 2983; baseline -0.001 -23"><span class='ocrx_word' id='word_1_247' title='bbox 136 2915 247 2961; x_wconf 72' lang='lat' dir='ltr'><strong>uisitare</strong></span> <span class='ocrx_word' id='word_1_248' title='bbox 260 2908 296 2962; x_wconf 87' lang='lat' dir='ltr'><strong>ad</strong></span> <span class='ocrx_word' id='word_1_249' title='bbox 308 2919 438 2964; x_wconf 84' lang='lat' dir='ltr'><strong>nostrum</strong></span> <span class='ocrx_word' id='word_1_250' title='bbox 452 2909 594 2980; x_wconf 89' lang='lat' dir='ltr'><strong>codicem,</strong></span> <span class='ocrx_word' id='word_1_251' title='bbox 613 2919 642 2964; x_wconf 87' lang='lat' dir='ltr'><strong>et</strong></span> <span class='ocrx_word' id='word_1_252' title='bbox 660 2914 691 2966; x_wconf 92' lang='lat' dir='ltr'><strong>in</strong></span> <span class='ocrx_word' id='word_1_253' title='bbox 712 2929 775 2965; x_wconf 89' lang='lat' dir='ltr'><strong>eum</strong></span> <span class='ocrx_word' id='word_1_254' title='bbox 789 2910 903 2964; x_wconf 93' lang='lat' dir='ltr'><strong>modum</strong></span> <span class='ocrx_word' id='word_1_255' title='bbox 918 2911 1065 2983; x_wconf 79' lang='lat' dir='ltr'><strong>corrigere,</strong></span> 
     </span>
     <span class='ocr_line' id='line_1_35' title="bbox 134 2991 1065 3066; baseline -0.002 -22"><span class='ocrx_word' id='word_1_256' title='bbox 134 2999 167 3044; x_wconf 88' lang='lat' dir='ltr'><strong>ut</strong></span> <span class='ocrx_word' id='word_1_257' title='bbox 190 3008 264 3044; x_wconf 83' lang='lat' dir='ltr'><strong>nova</strong></span> <span class='ocrx_word' id='word_1_258' title='bbox 285 2994 380 3047; x_wconf 85' lang='lat' dir='ltr'><strong>versio</strong></span> <span class='ocrx_word' id='word_1_259' title='bbox 404 3011 465 3048; x_wconf 84' lang='lat' dir='ltr'><strong>esse</strong></span> <span class='ocrx_word' id='word_1_260' title='bbox 486 2993 641 3048; x_wconf 86' lang='lat' dir='ltr'><strong>videretur.</strong></span> <span class='ocrx_word' id='word_1_261' title='bbox 685 2992 743 3048; x_wconf 86' lang='lat' dir='ltr'><strong>Sed</strong></span> <span class='ocrx_word' id='word_1_262' title='bbox 765 2991 922 3066; x_wconf 85' lang='lat' dir='ltr'><strong>adjecimus</strong></span> <span class='ocrx_word' id='word_1_263' title='bbox 941 2994 1065 3046; x_wconf 87' lang='lat' dir='ltr'><strong>criticum</strong></span> 
     </span>
     <span class='ocr_line' id='line_1_36' title="bbox 135 3073 1066 3151; baseline 0.001 -26"><span class='ocrx_word' id='word_1_264' title='bbox 135 3082 316 3146; x_wconf 84' lang='lat' dir='ltr'><strong>apparatum,</strong></span> <span class='ocrx_word' id='word_1_265' title='bbox 336 3076 384 3150; x_wconf 88' lang='lat' dir='ltr'><strong>qui</strong></span> <span class='ocrx_word' id='word_1_266' title='bbox 403 3074 564 3131; x_wconf 88' lang='lat' dir='ltr'><strong>homiuibus</strong></span> <span class='ocrx_word' id='word_1_267' title='bbox 579 3095 682 3151; x_wconf 87' lang='lat' dir='ltr'><strong>graece</strong></span> <span class='ocrx_word' id='word_1_268' title='bbox 697 3076 788 3130; x_wconf 84' lang='lat' dir='ltr'><strong>doctis</strong></span> <span class='ocrx_word' id='word_1_269' title='bbox 801 3077 951 3130; x_wconf 88' lang='lat' dir='ltr'><strong>materiem</strong></span> <span class='ocrx_word' id='word_1_270' title='bbox 964 3073 1066 3147; x_wconf 88' lang='lat' dir='ltr'><strong>disqui-</strong></span> 
     </span>
     <span class='ocr_line' id='line_1_37' title="bbox 135 3157 1066 3235; baseline -0.001 -27"><span class='ocrx_word' id='word_1_271' title='bbox 135 3157 272 3210; x_wconf 85' lang='lat' dir='ltr'><strong>sitionum</strong></span> <span class='ocrx_word' id='word_1_272' title='bbox 287 3167 316 3211; x_wconf 87' lang='lat' dir='ltr'><strong>et</strong></span> <span class='ocrx_word' id='word_1_273' title='bbox 326 3158 559 3213; x_wconf 86' lang='lat' dir='ltr'><strong>emendationum</strong></span> <span class='ocrx_word' id='word_1_274' title='bbox 572 3159 708 3234; x_wconf 89' lang='lat' dir='ltr'><strong>praebere</strong></span> <span class='ocrx_word' id='word_1_275' title='bbox 721 3161 826 3233; x_wconf 85' lang='lat' dir='ltr'><strong>possit,</strong></span> <span class='ocrx_word' id='word_1_276' title='bbox 850 3161 881 3213; x_wconf 91' lang='lat' dir='ltr'><strong>in</strong></span> <span class='ocrx_word' id='word_1_277' title='bbox 900 3177 1009 3235; x_wconf 84' lang='lat' dir='ltr'><strong>graeco</strong></span> <span class='ocrx_word' id='word_1_278' title='bbox 1030 3157 1066 3207; x_wconf 90' lang='lat' dir='ltr'><strong>in·</strong></span> 
     </span>
     <span class='ocr_line' id='line_1_38' title="bbox 134 3237 1067 3315; baseline -0.005 -23"><span class='ocrx_word' id='word_1_279' title='bbox 134 3239 234 3310; x_wconf 84' lang='lat' dir='ltr'><strong>primis</strong></span> <span class='ocrx_word' id='word_1_280' title='bbox 252 3247 342 3294; x_wconf 81' lang='lat' dir='ltr'><strong>textu.</strong></span> <span class='ocrx_word' id='word_1_281' title='bbox 387 3241 482 3305; x_wconf 75' lang='lat' dir='ltr'><strong>Quum·</strong></span> <span class='ocrx_word' id='word_1_282' title='bbox 498 3243 568 3294; x_wconf 91' lang='lat' dir='ltr'><strong>item</strong></span> <span class='ocrx_word' id='word_1_283' title='bbox 581 3241 746 3310; x_wconf 80' lang='lat' dir='ltr'><strong>manualis,</strong></span> <span class='ocrx_word' id='word_1_284' title='bbox 765 3259 849 3315; x_wconf 86' lang='lat' dir='ltr'><strong>quam</strong></span> <span class='ocrx_word' id='word_1_285' title='bbox 865 3249 986 3308; x_wconf 88' lang='lat' dir='ltr'><strong>vocant,</strong></span> <span class='ocrx_word' id='word_1_286' title='bbox 1004 3237 1067 3291; x_wconf 78' lang='lat' dir='ltr'><strong>haer</strong></span> 
     </span>
     <span class='ocr_line' id='line_1_39' title="bbox 135 3319 1067 3395; baseline 0.003 -22"><span class='ocrx_word' id='word_1_287' title='bbox 135 3320 223 3375; x_wconf 89' lang='lat' dir='ltr'><strong>editio</strong></span> <span class='ocrx_word' id='word_1_288' title='bbox 237 3321 334 3376; x_wconf 84' lang='lat' dir='ltr'><strong>lutura</strong></span> <span class='ocrx_word' id='word_1_289' title='bbox 347 3325 399 3392; x_wconf 87' lang='lat' dir='ltr'><strong>sit,</strong></span> <span class='ocrx_word' id='word_1_290' title='bbox 414 3325 494 3378; x_wconf 83' lang='lat' dir='ltr'><strong>nefas</strong></span> <span class='ocrx_word' id='word_1_291' title='bbox 509 3341 570 3378; x_wconf 84' lang='lat' dir='ltr'><strong>esse</strong></span> <span class='ocrx_word' id='word_1_292' title='bbox 584 3324 731 3391; x_wconf 86' lang='lat' dir='ltr'><strong>duximus,</strong></span> <span class='ocrx_word' id='word_1_293' title='bbox 746 3342 763 3377; x_wconf 90' lang='lat' dir='ltr'><strong>a</strong></span> <span class='ocrx_word' id='word_1_294' title='bbox 776 3333 858 3378; x_wconf 83' lang='lat' dir='ltr'><strong>textu</strong></span> <span class='ocrx_word' id='word_1_295' title='bbox 872 3332 1006 3395; x_wconf 81' lang='lat' dir='ltr'><strong>recepto,</strong></span> <span class='ocrx_word' id='word_1_296' title='bbox 1027 3319 1067 3392; x_wconf 75' lang='lat' dir='ltr'><strong>qui</strong></span> 
     </span>
     <span class='ocr_line' id='line_1_40' title="bbox 135 3402 1067 3476; baseline -0.002 -20"><span class='ocrx_word' id='word_1_297' title='bbox 135 3415 334 3460; x_wconf 81' lang='lat' dir='ltr'><strong>sacrosanctus</strong></span> <span class='ocrx_word' id='word_1_298' title='bbox 349 3406 474 3461; x_wconf 88' lang='lat' dir='ltr'><strong>creditur</strong></span> <span class='ocrx_word' id='word_1_299' title='bbox 493 3407 638 3460; x_wconf 88' lang='lat' dir='ltr'><strong>nonnullis</strong></span> <span class='ocrx_word' id='word_1_300' title='bbox 658 3407 801 3476; x_wconf 84' lang='lat' dir='ltr'><strong>coetibus,</strong></span> <span class='ocrx_word' id='word_1_301' title='bbox 822 3407 881 3460; x_wconf 91' lang='lat' dir='ltr'><strong>ulla</strong></span> <span class='ocrx_word' id='word_1_302' title='bbox 893 3407 1005 3460; x_wconf 87' lang='lat' dir='ltr'><strong>ratione</strong></span> <span class='ocrx_word' id='word_1_303' title='bbox 1018 3402 1067 3456; x_wconf 88' lang='lat' dir='ltr'><strong>dis·</strong></span> 
     </span>
    </p>
   </div>
   <div class='ocr_carea' id='block_1_3' title="bbox 0 0 1108 3877">
    <p class='ocr_par' dir='ltr' id='par_1_4' title="bbox 0 0 1108 3877">
     <span class='ocr_line' id='line_1_41' title="bbox 0 0 1108 3877; baseline 0 0"><span class='ocrx_word' id='word_1_304' title='bbox 0 0 1108 3877; x_wconf 95' lang='lat' dir='ltr'><strong> </strong></span> 
     </span>
    </p>
   </div>
  </div>
 </body>
</html>
