2206 3880
218 83 494 130 COUMENTATIO
522 85 730 132 tanacetca.
904 91 951 134 vu

119 157 125 186 t

27 225 35 276 i
48 221 173 276 doctoris
189 217 352 294 evangelici
363 233 482 272 munere
498 233 605 293 magno
625 235 690 272 enm
699 217 798 274 fructu
809 217 949 296 iungitur.

26 303 159 373 shomo,
184 302 335 356 literarum
352 297 581 375 theologicarum
604 301 698 356 cultor
717 303 863 373 sincerus,
889 319 952 358 rem

26 405 98 442 neam
110 383 212 442 sedulo
227 390 417 458 accurateque
429 384 507 459 egit3
528 391 646 457 peracto
659 391 755 440 autem
768 383 950 456 labore,lllu·

26 472 74 524 tris
87 466 187 544 Eques
200 463 388 536 Bursaonum,
402 467 451 540 qui
464 463 569 543 Legati
580 464 670 544 Regis
682 464 873 524 Borussorum
885 468 949 524 cifi-

26 555 55 607 =ia
66 551 141 625 apud
153 549 251 608 sedem
262 548 407 624 pontificis
421 545 580 604 Romanam
593 551 725 624 injuncta
737 560 800 608 tum
812 553 949 624 temporie

26 636 146 705 abebat,
164 635 271 690 itinere
290 634 322 688 in
336 629 521 688 Germaniam
543 641 692 707 suscepto,
710 633 822 692 fluctus
840 633 950 689 studio-

25 737 71 774 um
88 718 178 774 amici
198 733 224 770 a.
239 712 519 775 MDCCCXXXIV.
534 711 626 771 Roma
643 717 675 771 in
688 719 811 790 patriam
824 725 952 773 nostram

25 803 118 872 ttulit,
138 809 169 856 et
183 795 325 854 Dresdam
341 797 497 856 mittendos
513 797 586 854 mihi
599 799 737 855 benevole
750 801 871 856 curavit.
914 799 953 856 At

25 903 46 938 re
59 886 99 939 sic
117 881 237 959 quidem
252 883 315 939 voti
333 883 417 955 plene
437 899 552 956 compos
570 901 635 938 snm
649 881 752 938 iactus.
796 881 953 957 Supererat

25 970 83 1022 inim
104 985 174 1041 pars
192 964 331 1020 librorum
350 962 387 1020 N.
406 961 459 1034 T.‚
478 983 599 1040 quorum
617 965 870 1040 comparandorum
888 985 953 1022 cnm

25 1050 106 1104 odite
120 1049 253 1104 defuerat
266 1049 357 1104 otium
374 1047 513 1104 familiari
529 1065 611 1118 meo,
626 1049 690 1124 qui,
709 1047 866 1106 Florentiis
883 1051 953 1105 reli-

24 1135 63 1188 :tis
81 1141 109 1187 et
130 1149 289 1187 conscensa
306 1131 374 1186 navi
386 1127 574 1202 bisernensi,
594 1129 745 1204 Neapolim
762 1151 827 1188 cum
849 1135 954 1188 scisse

24 1217 181 1272 tonhrlerat.
223 1211 379 1290 Reliquum
402 1215 494 1288 igitur
517 1223 594 1284 erat,
621 1222 654 1270 ut
674 1223 802 1287 peterem
822 1215 915 1270 literis
936 1234 955 1269 a

24 1295 125 1354 llariss.
145 1311 208 1352 out.
227 1295 341 1368 Fusus,
359 1295 550 1352 bibliothecae
562 1296 713 1368 Praeside,
731 1297 807 1374 quod
824 1296 896 1352 mihi
919 1298 955 1352 ad

24 1383 123 1452 ilerum
136 1389 308 1456 apparatum
329 1381 463 1436 criticum
482 1379 588 1438 deerat.
632 1379 665 1438 ld
678 1382 727 1436 ille
741 1380 955 1455 perhumaniter

23 1463 81 1520 nihi
94 1463 191 1535 dedit,
210 1481 334 1538 persona
352 1462 520 1520 demandata
538 1473 567 1519 et
584 1463 669 1520 docta
688 1473 717 1520 et
735 1467 767 1520 in
779 1463 834 1520 hoc
849 1481 955 1539 genere

23 1548 171 1604 studiorum
185 1547 362 1618 exercitata,
380 1545 509 1622 mihique
523 1549 698 1618 transmisit,
719 1565 791 1623 quae
805 1565 893 1623 aegre
907 1547 955 1602 de-

23 1631 213 1688 siderareram.
261 1626 356 1703 HuJ’us
381 1631 494 1686 inventi
520 1628 650 1686 thesauri
674 1632 796 1704 primam
822 1631 957 1686 notitiam

23 1715 110 1786 aperui
130 1716 165 1768 in
182 1711 344 1770 Anecdotis
362 1714 434 1768 meis
450 1709 501 1791 ¹),
527 1713 593 1770 dato
617 1715 774 1786 specimine
793 1713 956 1770 collationis

23 1797 130 1852 criticae
144 1794 294 1870 evangelii
307 1792 460 1852 Matthaei
473 1803 502 1849 et
515 1796 586 1852 libri
593 1794 709 1864 Tobiae,
724 1815 789 1852 eum
802 1811 957 1872 argumen-

22 1880 51 1933 tis
68 1877 103 1933 N.
118 1877 155 1934 T.
179 1879 396 1953 antiquissimis.
439 1876 499 1934 Sed
519 1875 634 1934 Codicis
653 1881 733 1934 unici
751 1880 879 1954 gravitas
899 1895 958 1932 non

22 1963 133 2018 invitum
146 1981 210 2032 me,
222 1960 402 2016 hortantibus
416 1961 531 2031 amicis,
549 1961 664 2034 impulit
680 1958 733 2040 ²),
752 1969 785 2016 ut
803 1960 958 2016 editionem

22 2041 50 2098 N.
63 2041 97 2099 Τ.
110 2044 284 2114 meditarer,
303 2061 376 2118 quac
396 2052 425 2098 et
435 2045 530 2098 lucem
543 2041 660 2098 afferret
671 2042 831 2099 rationibus
846 2044 957 2100 criticis

22 2129 230 2203 exegeticisque
242 2126 397 2182 bibliorum
410 2127 551 2182 versionis
564 2127 672 2181 latinae
685 2127 836 2202 vulgatae,
854 2135 883 2181 ct
899 2128 957 2182 arti

22 2212 99 2265 etiam
114 2212 237 2266 criticae
255 2211 287 2266 in
305 2227 410 2286 graeco
429 2217 513 2264 textu
531 2209 707 2266 factitandae
723 2211 834 2286 insigni
848 2211 957 2266 auxilio

22 2304 95 2348 esset.
137 2292 173 2348 Id
191 2292 267 2370 quod
285 2293 316 2346 in
328 2300 409 2346 tanta
422 2291 490 2346 libri
502 2293 673 2367 antiquitate
687 2309 770 2348 nemo
784 2309 843 2348 non
856 2311 958 2348 conec-

22 2375 80 2445 det,
92 2377 265 2451 praesertim
279 2376 304 2430 si
317 2393 426 2430 memor
437 2374 526 2430 fuerit
537 2376 704 2450 regularum
716 2373 888 2451 Hieronymi
902 2377 959 2430 cri-

22 2460 152 2529 ticorum,
174 2461 225 2534 qui
243 2461 274 2514 in
294 2460 463 2514 recensione
481 2475 532 2514 sua
549 2466 648 2514 textus
666 2460 751 2516 latini
764 2467 916 2534 sequutum
929 2477 960 2513 se

81 2679 107 2737 l)
127 2679 168 2724 cl.
178 2677 208 2723 F.
217 2677 247 2723 F.
256 2677 351 2725 Ftucn
360 2678 493 2726 Aneedota
502 2683 646 2727 maximum
653 2687 761 2740 partem
771 2692 864 2736 caeru,
882 2681 909 2724 ia
917 2681 959 2726 iti·

22 2747 117 2792 neribas
131 2747 237 2792 Italicis
251 2753 279 2792 et
295 2746 404 2794 Gallicis
418 2747 538 2794 collecta.
557 2747 638 2806 (Lips.
653 2749 727 2793 1837.
745 2747 781 2805 8.)
799 2746 919 2806 Prolegg.
935 2763 959 2806 p.

22 2811 69 2856 llll.
86 2813 157 2860 xm.
172 2816 198 2858 et
209 2827 233 2871 p.
244 2815 409 2872 toa—188,
424 2814 501 2860 etiam
510 2818 555 2862 sub
565 2815 653 2860 titulo:
672 2813 873 2877 maenacbaftl·
884 2815 961 2862 Reice

22 2883 63 2923 ete.
73 2881 103 2925 ll.
115 2883 138 2926 3.
151 2881 194 2926 vel
204 2879 282 2926 theol.
293 2881 476 2944 Ree'eefn'tcbte
486 2886 532 2930 etc.
543 2895 602 2940 pars
611 2883 656 2928 lll.
689 2883 771 2940 Hujus
782 2882 869 2940 operis
878 2883 960 2940 quod-

22 2945 56 2988 ris
68 2948 186 2993 volumen
198 2948 334 3004 separatim
343 2949 462 2996 venditur
472 2951 542 2996 etita
552 2951 723 3008 comparatum
733 2952 780 3010 est,
789 2954 961 3010 ntargumen-

22 3015 68 3057 ttrm
79 3013 175 3074 singuli
185 3013 245 3060 libri
255 3015 330 3061 etiam
340 3018 433 3074 absque
444 3016 526 3063 altero
537 3017 611 3076 plene
622 3017 787 3076 intelligatur.

84 3097 110 3156 2)
129 3097 262 3157 Philologi
272 3100 587 3157 saepisslmeautcodicnm
596 3101 676 3146 multo
683 3099 808 3147 leviorum
816 3102 961 3159 juniorum-

23 3175 65 3217 que
80 3164 242 3224 adJnmento,
257 3169 301 3212 aut
319 3167 374 3214 sine
389 3168 459 3214 omni
473 3181 600 3214 novorum
618 3167 731 3214 codicum
750 3169 861 3214 subsidio
880 3181 962 3214 novas

25 3230 145 3278 editiones
155 3233 300 3280 coniciunt.
328 3235 429 3287 Quanto
439 3236 534 3282 rectius
543 3236 592 3281 boc
602 3235 634 3280 iit
649 3235 675 3280 in
686 3235 773 3282 Bibliis
782 3236 882 3294 latinis,
898 3249 962 3292 quae

24 3299 58 3342 tot
71 3299 215 3346 hominihus
229 3303 376 3350 necessaria
389 3306 461 3364 aunt,
481 3303 631 3361 praesertim
648 3303 671 3348 si
684 3303 800 3360 primarii
814 3301 908 3349 codicis
923 3304 963 3348 fa-

25 3364 136 3412 cultatem
147 3367 234 3414 habea!
245 3392 279 3403 -
