2206 3880
239 146 511 194 contrutt‘rfflo
540 147 750 196 lsaaootca.
876 145 963 190 xxm

25 277 150 348 subinde,
165 279 262 334 animo
276 278 473 352 obtemperans
487 278 674 348 exacerbato,
689 276 844 336 invehitur.
886 275 963 334 Mul-

22 369 78 414 tnm
91 360 204 430 abfuit,
227 369 260 416 ut
278 362 414 418 continno
432 359 504 416 haee
524 364 586 434 ejus
604 361 699 416 sturdia
711 362 812 434 plausu
826 361 962 414 ecelesia-

23 461 79 497 rum
96 445 311 517 exciperentur.
354 441 414 498 lrno
433 445 546 500 saeculo
565 445 664 520 quinto
682 452 712 498 et
729 443 861 498 inferiori
875 443 962 498 etiam

24 535 148 599 tempore
161 527 293 601 utrisque
306 526 542 582 translationibus
557 534 586 580 et
598 535 712 596 vetere,
731 535 760 580 et
772 526 883 580 recenti
895 543 962 598 pro-

24 609 128 663 miscue
142 610 191 664 usi
203 617 271 664 sunt
281 627 332 682 pro
346 609 440 664 lubitu
453 625 511 664 non
524 617 637 665 tantum
649 609 732 678 laici,
746 608 878 664 seditem
891 625 963 680 pon-

24 690 128 762 tifices,
147 693 180 746 in
198 689 244 746 his
255 689 314 746 Leo
328 686 471 766 Magnus,
493 693 543 766 qui
556 693 666 748 excitat
679 691 766 748 verba
780 689 815 745 N.
829 688 864 746 T.
877 687 963 746 hodie

25 774 144 846 perdita:
172 789 249 844 „nos
272 781 370 829 autem
392 775 538 849 quaeritis
557 774 592 830 de
606 775 722 830 minimo
735 790 869 830 crescere
883 783 913 829 et
928 773 963 828 do

24 875 125 933 niagno
148 857 274 912 minui.“
293 853 383 912 Sexto
401 858 515 912 saeculo
534 873 561 928 p.
576 854 642 912 Chr.
660 864 784 912 exeunte
800 853 963 932 Gregorius

26 935 61 990 Μ.
75 940 105 992 in
118 938 316 1015 explicatione
338 936 409 994 libri
419 936 487 994 Jobi
506 940 723 996 translationem
734 935 905 1014 Hieronymi
921 938 964 992 la·

27 1023 112 1075 tinam
124 1023 157 1076 in
170 1039 253 1076 nsum
264 1021 395 1092 rocavit3
413 1022 575 1096 antiquiore
588 1030 684 1078 autem
697 1023 830 1077 versione
841 1020 878 1076 ad
887 1038 964 1076 com-

28 1105 201 1176 parationem
220 1121 289 1158 usus
308 1111 368 1173 est,
390 1105 530 1176 polemico
551 1105 680 1160 consilio.
722 1102 766 1158 Ita
783 1103 891 1160 facturn
909 1112 963 1172 est,

28 1195 56 1239 ut
80 1186 185 1260 duplex
211 1203 281 1259 opus
309 1185 358 1241 diu
376 1187 530 1244 multorum
548 1187 686 1242 memoria
706 1196 736 1240 et
752 1204 806 1242 usu
823 1184 963 1240 floruerit.

29 1265 105 1324 Nihil
118 1271 196 1324 enim
209 1267 357 1324 difficilius
370 1267 530 1344 perficitur,
544 1287 630 1344 quam
641 1277 675 1324 ιιι
686 1269 811 1343 aliquem
825 1267 963 1322 destituas

31 1355 55 1403 in
69 1352 152 1407 rebus
164 1352 270 1420 sacris,
285 1369 369 1426 quem
382 1351 488 1408 dudum
501 1370 535 1407 ea
547 1370 630 1408 usum
643 1369 704 1406 esse
719 1353 824 1420 scinu,
838 1352 963 1406 auctori-

32 1441 93 1488 tate.
135 1431 222 1489 Haud
234 1451 300 1488 raro
315 1434 436 1502 accidit,
455 1443 487 1489 nt
502 1453 539 1490 ex
552 1435 715 1511 antiquiore
728 1435 818 1488 latina
832 1434 964 1490 versione

32 1517 186 1586 recentior,
209 1515 288 1571 etad
302 1519 492 1582 recentiorem
505 1519 647 1574 vetustior
661 1518 869 1593 corrigeretur,
886 1524 919 1570 nt
933 1517 964 1572 in

34 1598 125 1653 codice
146 1595 293 1654 Brixiensi
318 1608 455 1674 argenteo
481 1601 696 1676 evangelionnn
719 1609 749 1656 et
770 1601 803 1654 in
825 1597 964 1653 Vaticano

34 1681 125 1736 codice
144 1699 190 1736 no.
211 1683 300 1736 7016.
324 1711 363 1722 -
391 1679 586 1759 Hieronymus
604 1691 704 1738 cantus
723 1683 895 1750 nausiator,
917 1684 965 1755 qui

34 1763 135 1839 aliquot
148 1766 212 1820 loca
225 1765 322 1838 populi
341 1781 426 1820 eausa
443 1767 599 1840 reliquerat
617 1767 741 1834 intaeta,
764 1766 838 1819 tanti
858 1764 965 1818 laboris

35 1847 184 1903 mercedem
197 1865 285 1922 quum
301 1849 449 1904 retulisset
469 1849 607 1921 injurias,
625 1849 773 1923 querelas,
795 1847 965 1915 calumnias3

37 1927 147 1985 decursu
160 1931 271 2005 aliquot
289 1932 468 1988 saeculorum
485 1932 695 2005 multorumque
708 1927 875 2002 pontificum
887 1927 965 2000 judi-

37 2013 77 2066 cio
98 2031 143 2067 res
165 2031 260 2069 norae
280 2015 452 2068 auctoritate
470 2012 631 2070 sufficiente
649 2011 764 2068 tandem
782 2009 966 2066 confirmatae

37 2103 102 2149 sunt.
118 2125 154 2136 -

91 2175 133 2232 De
147 2177 318 2252 linguistico
334 2187 419 2253 atque
433 2181 544 2236 critico
554 2180 653 2234 valore
665 2178 818 2246 versionis,
828 2177 897 2231 licet
910 2175 966 2246 his,

38 2277 100 2331 quae
124 2259 271 2330 dicentur,
294 2260 421 2337 defungi.
464 2259 606 2318 Latinitas
630 2258 801 2334 Hieronymi
820 2260 887 2314 talis
912 2269 966 2328 est,

39 2351 67 2394 ut
81 2361 170 2419 neque
189 2345 333 2400 contemni
350 2346 457 2418 possit,
479 2361 533 2400 nec
554 2343 694 2400 laudanda
712 2344 834 2398 nimium
853 2344 899 2396 sit.
942 2341 967 2396 Α

43 2426 207 2482 soloecismis
228 2427 351 2481 enimet
371 2427 500 2482 barbarie
519 2429 677 2501 peritorum
698 2429 826 2482 virorum
847 2424 967 2498 judiciis

41 2506 445 2582 uonsesnperabhorret.1
458 2509 499 2566 Μ.
517 2509 680 2577 Gesncrua,
699 2506 784 2564 homo
802 2508 966 2562 literatissi-

42 2605 106 2661 nus,
124 2591 224 2668 magni
241 2589 297 2646 hoc
315 2601 531 2648 monumentum
549 2593 645 2647 facere
666 2591 790 2660 solebat,
812 2608 871 2645 non
885 2591 966 2663 quasi

43 2689 158 2730 sermone
171 2671 250 2730 Latii
262 2675 395 2748 plenum,
416 2675 466 2731 sed
484 2675 559 2751 quod
572 2661 627 2730 sibi
642 2674 677 2730 ad
692 2672 903 2748 cognoscendas
917 2689 966 2743 pe-

41 2749 105 2811 'tritus
117 2753 265 2812 Romanae
286 2759 403 2833 linguae
419 2766 527 2814 aetates
552 2757 678 2814 subsidio
698 2765 781 2810 esset.
826 2751 967 2808 Gnaviter

43 2840 106 2894 eninr
119 2840 252 2910 curabat,
274 2849 308 2895 nt
319 2841 411 2896 stadia
424 2843 564 2896 sermonis
577 2837 785 2907 Romanorum,
806 2838 853 2892 cni
866 2855 967 2910 perve-

43 2922 160 2996 stigando
173 2925 264 2978 ritam
277 2924 411 2998 viresque
434 2923 594 2993 dicaverat,
617 2921 805 2996 undequaque
824 2921 968 2994 perspice-

44 3013 85 3056 ret.
120 3003 172 3060 Est
185 3014 323 3081 argentea
335 3015 413 3061 aetas
427 3007 544 3082 linguae
558 3003 694 3075 Latinae,
707 3013 750 3060 est
763 3005 850 3059 etiarn
865 3003 968 3058 ferrea

45 3080 178 3159 Novimus,
192 3085 402 3166 Hieronymum
414 3098 546 3164 questum
560 3107 639 3157 esse,
660 3088 819 3144 orationem
833 3103 913 3142 suam
926 3086 968 3140 la·

48 3167 125 3224 tinam
139 3172 264 3226 lectione
293 3171 432 3228 librorum
454 3170 652 3228 Hebraeorum
673 3178 703 3226 et
722 3167 898 3224 Graecorum
915 3168 968 3222 ali-

49 3261 168 3320 quantum
180 3252 314 3310 allectam
327 3273 403 3324 esse,
418 3263 447 3310 et
461 3254 616 3330 „rubigine
629 3253 780 3310 obductam
786 3253 818 3321 ‚⁶⁶
840 3259 874 3305 nt
885 3252 969 3324 igno-

51 3334 167 3392 scendum
179 3339 219 3392 sit
233 3340 296 3410 ejus
309 3337 437 3393 ruditati.
481 3335 557 3408 Sed,
571 3337 683 3392 collatis
697 3333 777 3390 ltalia
791 3331 971 3388 versionibus

52 3417 252 3490 antiquioribus,
265 3437 338 3494 quae
354 3421 390 3476 ad
402 3419 598 3477 Latinitatem
613 3420 773 3486 rusticans,
787 3424 907 3472 matrem
919 3413 971 3471 ho-
