2206 3880
137 140 182 183 1.11
353 139 458 183 s1xT1
481 137 613 189 QUINTI
636 139 861 184 bunnuaria.

137 281 201 324 quae
210 267 310 314 aliunde
320 268 467 323 accersitae,
477 266 601 324 vulgatae
610 266 716 313 editioni
726 267 893 332 interpositae
902 271 1070 331 erectaeque

136 351 164 398 in
173 352 283 408 antiquis
293 351 493 410 exemplaribus,
508 363 591 406 neque
605 350 632 396 in
647 355 791 398 sauctorum
800 353 902 397 Petrum
917 359 1069 401 commenta·
1088 405 1089 442 ,

135 435 182 480 riis
195 435 404 494 inveniebantur,
420 433 566 480 delevimus.
601 435 672 480 ilaue
688 434 795 491 deniqne
811 435 949 482 editionem
961 450 977 482 a
987 439 1068 496 variis,
1088 449 1089 478 ι

136 519 179 576 qui
188 519 251 566 vitio
266 520 402 566 multorum
415 518 584 576 irrepserant,
600 517 730 564 erroribus
744 521 862 565 accurate
876 520 1068 576 emendavimus,

136 605 162 648 et
170 604 422 661 perpenna-‚atque
432 602 458 646 in
468 601 599 658 pristinam
612 601 743 648 veritatem
752 615 848 648 summa
857 602 988 660 diligentia
997 607 1068 650 resti·
1081 597 1084 604 ⁴

135 687 235 732 luimus.
270 687 357 743 Neque
373 698 434 732 vero
450 687 489 732 ert
502 684 569 742 quod
582 685 705 742 quiapiam
720 685 839 744 miretur,
861 687 883 732 si
892 686 977 744 aliqum
986 701 1068 734 sacrae

136 769 277 826 scripturae
302 770 359 816 loca
383 770 457 816 aliter
480 770 507 816 in
530 768 623 814 sanctis
641 768 788 825 quibusdam
807 768 952 816 doctoribus
972 771 1067 830 legerit,

136 865 210 910 quam
219 854 246 900 in
255 853 302 900 hac
319 854 430 900 editione
446 853 590 911 conscripta
603 855 668 898 sunt.
703 853 767 898 Nam
776 853 936 912 Ambrosius,
951 855 1066 912 Augusti·
1089 851 1090 886 l

135 949 197 994 nus,
213 938 239 982 et
252 937 296 984 alii
310 938 412 996 plurimi
425 938 585 996 septuaginta
598 936 764 994 interpretum
779 935 915 982 editionem
925 937 1066 995 plerumque

135 1020 215 1066 secuti
229 1021 339 1068 fuerunt.
373 1022 412 1068 Ad
425 1021 525 1068 laudem
540 1022 631 1079 igitur,
651 1023 677 1065 et
695 1019 802 1077 gloriam
820 1020 1002 1078 omnipotentis
1017 1023 1065 1076 Dei,

100 1107 102 1119 '
135 1103 275 1152 catholicae
289 1106 347 1152 idei
360 1106 596 1164 conservationem,
607 1105 633 1150 et
643 1103 839 1162 incrementum,
854 1117 884 1150 ae
894 1110 1065 1152 sacrosanctae

134 1187 286 1236 universalis
296 1190 428 1237 Ecclesiae
437 1190 582 1248 utilitatem,
593 1189 640 1234 hac
649 1189 738 1234 nostra
747 1189 870 1244 perpetua
880 1187 989 1234 valitura
1008 1204 1063 1236 eon-

135 1271 280 1333 stitntioue,
300 1275 331 1320 de
346 1273 493 1321 eorumdem
502 1272 685 1320 venerabilium
694 1273 799 1318 fratrum
810 1273 957 1318 nostrorum
968 1275 992 1320 S.
1003 1274 1031 1320 R.
1040 1275 1063 1318 Ε.

135 1355 305 1404 cardinalium
316 1371 392 1416 super
403 1357 583 1417 Typograpbia
592 1356 715 1402 Vaticano
725 1354 901 1412 deputatorum
911 1357 1034 1416 consilio,
1044 1362 1064 1403 et
1090 1336 1091 1394 l

134 1452 247 1499 accentu,
259 1455 365 1497 quorum
376 1455 469 1499 opera,
480 1443 506 1487 et
514 1440 650 1499 industria,
662 1439 689 1484 in
698 1439 746 1484 hac
755 1438 810 1496 ipsu
818 1437 943 1498 Vulgatae
953 1441 1063 1488 editionis

134 1524 324 1583 emendatione,
344 1525 371 1570 in
385 1527 460 1572 rebus
474 1524 623 1582 praesertim
641 1523 802 1582 gravioribus
819 1521 858 1568 nai
877 1535 976 1580 sumus,
996 1528 1022 1570 et
1037 1537 1063 1570 en

134 1610 204 1654 certa
217 1610 306 1654 nostra
316 1609 434 1668 scientia,
454 1609 534 1666 deque
544 1607 700 1666 apostolicae
709 1607 843 1665 potestatis
848 1605 1010 1664 plenitudiue
1020 1611 1062 1654 sta-

133 1691 239 1750 tuimur,
257 1705 286 1738 ac
301 1692 470 1752 declaramus,
487 1706 542 1739 eam
551 1692 685 1750 vulgatam
699 1703 800 1750 sacrae,
815 1693 866 1735 tam
876 1691 985 1750 veteris,
999 1705 1063 1748 quan

136 1775 199 1820 novi
209 1776 364 1822 Testamenti
373 1777 482 1835 paginae
491 1776 607 1822 Latinam
621 1775 773 1834 editionem,
788 1787 852 1831 quae
866 1787 913 1832 pro
928 1775 1063 1822 authentica

133 1870 148 1904 a
158 1859 273 1906 Concilio
280 1861 431 1907 Tridentino
441 1864 544 1918 recepta
554 1862 600 1919 est,
611 1859 667 1906 sine
676 1858 729 1906 ulla
739 1858 903 1916 dubitatione,
913 1861 957 1904 aut
966 1861 1062 1905 contro-

133 1943 218 1992 versia
227 1945 378 1992 censendam
388 1959 444 1992 esse
456 1946 521 1992 hanc
535 1945 628 2004 ipsam,
644 1957 718 2001 quam
726 1957 806 2002 nunc,
821 1944 899 2000 prout
913 1943 1007 2000 optime
1017 1943 1061 1990 ieri
1091 1946 1092 2024 l

132 2028 223 2086 potuit,
234 2029 403 2089 emendatam,
415 2032 440 2078 et
449 2030 476 2076 in
485 2029 609 2076 Vaticana
619 2027 800 2088 Typographia
809 2025 965 2086 impressam,
975 2028 1003 2073 iu
1011 2027 1061 2074 uui·
1091 2033 1092 2074 i

134 2124 209 2158 versa
220 2113 363 2160 christiana
372 2114 508 2171 Republica
522 2117 596 2170 atque
611 2113 637 2159 in
657 2112 771 2159 omnibns
787 2111 924 2156 Christiani
938 2112 1008 2161 orbis
1026 2125 1061 2158 ec·
1091 2095 1092 2100 ¹

133 2194 217 2241 clesiic
231 2195 364 2252 legendam
379 2198 539 2255 evulgamus,
554 2197 734 2254 decernentes,
750 2207 805 2241 earn
819 2194 889 2252 priua
904 2195 1002 2252 quidem
1011 2196 1061 2242 uni·

135 2277 228 2324 cereali
238 2281 339 2326 sanctae
349 2280 490 2338 Ecclesiae,
501 2293 531 2326 ac
540 2282 686 2326 sauctorum
695 2280 797 2325 Petrum
806 2279 986 2339 consensione,
998 2279 1061 2326 deiu-

133 2361 164 2408 de
178 2374 242 2407 vero
255 2362 383 2420 generalir
394 2363 503 2410 Concilii
513 2363 656 2410 Tridentini
667 2363 782 2421 decreto,
802 2375 870 2408 nunc
887 2362 984 2408 demum
994 2363 1059 2410 etiam

133 2444 274 2504 apostolica
287 2446 361 2492 nobie
376 2460 391 2492 a
404 2447 513 2493 Donninc
528 2447 620 2494 tradita
633 2447 783 2494 auctoritate
803 2447 1003 2504 comprobatam,
1021 2457 1059 2504 pm

134 2541 212 2588 vera,
227 2528 354 2589 legitima,
365 2530 522 2590 authentica,
533 2534 559 2578 et
567 2531 719 2589 indubitata,
731 2531 759 2576 in
769 2529 884 2576 omnibus
892 2529 1008 2590 publicis,
1018 2529 1061 2587 pri-

133 2612 247 2670 vatisque
260 2613 478 2673 disputationibus,
489 2613 648 2674 lectionibus,
660 2613 899 2672 praedicationibus,
910 2616 936 2660 et
945 2614 1059 2672 explana-

131 2697 243 2744 tionibus
253 2697 435 2756 recipiendam,
452 2699 478 2744 et
490 2699 624 2746 tenendam
634 2711 698 2746 esse.
732 2697 878 2744 Districtius
893 2709 955 2743 vero
969 2697 1059 2744 inhibe·

131 2793 201 2840 mus,
220 2793 253 2828 ne
271 2795 388 2838 umquam
405 2783 533 2839 perpetuis
548 2784 640 2830 tuturis
653 2781 824 2840 temporibus,
843 2793 927 2826 novae
944 2781 1059 2839 vulgatae

132 2863 251 2911 editionis
266 2866 370 2924 porticae
380 2865 518 2914 Bibliorum
530 2867 586 2913 sine
596 2879 718 2924 expressa
732 2864 972 2924 apostolicaesedis
987 2865 1058 2912 licen-

133 2947 168 2994 tia
181 2949 266 2994 textus
280 2949 448 3006 imprimatur:
470 2964 535 2996 neve
550 2950 679 3006 quisquam
695 2949 808 3007 privato,
828 2951 872 2994 aut
886 2948 1008 3006 peculiari
1021 2958 1058 2993 ruo

133 3044 210 3078 senen
224 3031 298 3077 aliam
312 3034 449 3082 editionem
464 3035 513 3082 sibl
527 3036 686 3092 confingere,
702 3046 768 3080 neve
782 3033 848 3080 hane
863 3033 941 3090 ipsam
949 3033 1059 3078 Veterem

132 3116 265 3175 vulgatam
275 3131 290 3163 a
300 3118 382 3177 nobis,
394 3120 420 3164 ut
429 3119 580 3176 praefertur,
591 3118 732 3164 restitutam
744 3117 894 3174 editionem,
904 3116 971 3161 intra
982 3115 1058 3162 decem

133 3213 215 3248 aanor
225 3215 240 3247 a
251 3201 314 3250 datia
324 3203 494 3260 praecantium
503 3201 682 3259 numerandos,
693 3203 742 3246 tom
752 3201 824 3260 citra,
835 3213 908 3256 quam
916 3197 984 3244 ultra
993 3209 1057 3244 rnon-

131 3287 180 3344 tes,
190 3285 259 3345 alibi,
270 3299 343 3344 quam
353 3286 379 3332 in
389 3289 477 3332 noatra
487 3287 524 3344 Ty
527 3285 667 3343 pographie
673 3285 804 3343 Vaticana,
814 3283 958 3340 imprimere
969 3281 1058 3334 audeat,

133 3370 175 3418 vel
185 3373 335 3430 praesumat
371 3369 466 3429 Elapso
484 3372 567 3416 antem
578 3371 693 3426 praelato
704 3369 842 3426 decennio,
860 3379 915 3414 eam
925 3365 1058 3412 cautionem

132 3453 244 3502 adhiberi
259 3456 440 3515 praecipimus,
459 3457 487 3500 ut
504 3467 579 3500 nemo
599 3458 698 3501 sanctae
717 3454 854 3511 scripturas
867 3451 934 3510 typis
948 3448 1058 3498 mandare
