2206 3880
229 159 503 205 COMMENTA'I'IO
531 159 745 205 lssoooscs.
885 161 958 205 xvn

18 296 106 352 candi
117 285 238 348 Abbatis
253 291 381 360 venerit3
411 289 442 345 id
455 289 569 365 quidem
582 294 613 345 in
628 291 742 346 deiecm
758 299 957 346 monumento·

19 396 79 433 rum
92 373 202 450 liquida
214 375 328 430 ratione
342 372 399 429 dici
412 373 520 448 nequit.

77 457 244 532 Sequuntur
258 457 315 510 alia
324 457 490 512 testimonia
499 454 533 511 de
541 458 718 530 praestantia
728 457 795 513 libri
806 459 898 512 nostri
907 474 958 511 ore

21 553 46 598 et
64 541 180 614 scriptis
199 540 343 594 clarorum
362 540 499 594 virorum.
542 537 659 594 Etenim
677 537 750 594 Plus
765 536 818 610 lh,
843 548 957 614 egente

22 622 221 691 Piceolomini,
235 618 351 676 Aeneas
365 619 482 694 Sylvius
497 624 682 698 cognomine,
696 625 743 678 vir
755 624 888 698 ingenio,
908 621 958 675 do-

23 709 128 776 ctrina,
149 723 248 759 rerum
261 703 451 779 gerendorum
465 703 638 760 dexteritate
659 707 798 781 insignis,
822 707 871 780 qui
885 703 957 758 med.

23 809 90 846 saec.
105 786 174 843 XV.
190 785 355 842 cathedram
363 783 523 843 Romanam
537 789 662 858 ornavit,
676 790 707 842 in
721 807 807 864 opere
815 785 957 843 Commen-

24 876 164 928 toriornm
183 889 205 925 s.
227 871 262 928 de
279 871 380 938 rebus,
406 888 481 944 qnae
493 873 555 926 suis
570 871 747 948 temporibus
761 879 865 948 gestae
880 879 959 937 snnt,

24 956 70 1012 sub
90 955 155 1008 init.
175 953 224 1008 lib.
239 949 294 1006 IX.
309 953 470 1028 elegantem
487 955 593 1012 montis
607 952 736 1010 Aruiatae
750 963 779 1008 et
792 953 960 1008 monasterii

26 1037 241 1110 descriptionem
264 1035 403 1106 delineat,
430 1034 534 1090 additis
547 1036 642 1092 verbis
655 1035 715 1093 his:
738 1036 960 1107 „lubentissime

25 1121 77 1176 adii
91 1118 212 1175 Sacram
230 1119 437 1192 supellectilem
450 1121 622 1192 pretiosam,
646 1127 675 1173 et
692 1118 894 1174 bibliothecam
908 1136 960 1172 no-

26 1205 121 1273 bilem,
146 1205 229 1276 oujus
245 1218 349 1279 panon
372 1209 488 1256 exstant
504 1203 668 1272 volumina,
695 1204 772 1256 inter
790 1220 861 1277 quae
875 1219 962 1256 anons

27 1288 191 1354 monimum,
212 1294 242 1340 et
255 1283 430 1342 admirabile
448 1281 563 1340 Veteris
577 1295 607 1341 et
620 1282 695 1342 Noui
708 1281 904 1350 Testamenti,
925 1281 962 1335 li-

29 1371 94 1425 teris
107 1365 281 1440 majusculis
297 1374 465 1436 exaratum,
480 1367 557 1442 quod
570 1370 674 1445 capide
685 1367 749 1423 nidi
762 1367 837 1422 etc.“
853 1395 889 1406 -

84 1449 249 1506 Audiendus
261 1450 331 1504 item
345 1447 903 1526 estAnonnuslloccs,hugustinianus,
914 1466 963 1502 cu·

30 1543 83 1588 ctos
95 1530 288 1590 bibliothecae
301 1530 475 1602 Vaticauae,
489 1543 590 1589 auctor
605 1532 797 1590 bibliothecae
809 1529 965 1606 Angelicae

31 1613 185 1686 Romanae,
203 1618 249 1671 vir
271 1613 440 1670 eruditionis
460 1617 621 1691 exquisitae
638 1625 667 1672 et
683 1616 795 1692 ingenii
812 1615 965 1688 praeclari,

32 1701 120 1773 quiin
137 1701 157 1754 l.
177 1693 347 1774 Apostolico
372 1695 520 1754 Vaticana
543 1697 718 1755 bibliotheca
741 1695 838 1774 (Rom.
861 1694 965 1767 1591.)

33 1801 55 1855 p.
66 1783 112 1836 47.
126 1781 162 1836 de
176 1780 284 1836 codicis
298 1781 471 1855 antiquitate
492 1790 521 1835 et
538 1785 714 1855 praestantia
727 1783 770 1837 sic
785 1779 966 1835 scribendum

34 1867 149 1920 censuit:
181 1859 378 1934 „Latinorum
397 1863 551 1920 bibliorum
572 1866 717 1938 exemplar
740 1865 772 1918 in
793 1860 966 1918 Cistercien-

34 1949 100 2002 sium
112 1947 287 2002 monasterio
298 1943 406 2000 Montis
421 1945 551 2004 Arniatae
565 1949 629 2024 agri
644 1945 781 2002 Senensis
796 1943 966 2012 custoditur,

35 2039 118 2085 toturn
129 2030 298 2103 majusculis
315 2029 409 2084 literis
430 2037 595 2100 exaratum,
615 2032 691 2084 sicut
711 2028 869 2102 antiquitus
892 2025 967 2098 apud

35 2108 169 2168 llornanos
181 2112 270 2167 scribi
283 2113 389 2184 passim
403 2111 520 2168 solebat.
542 2109 576 2168 Id
589 2112 665 2188 quod
677 2111 879 2186 antiquitatem
888 2109 967 2162 illam

37 2195 168 2265 redolens,
184 2195 302 2250 circiter
313 2197 374 2268 jam
387 2196 467 2250 mille
480 2193 618 2251 aChristo
631 2203 700 2250 nato
714 2211 803 2249 annos
819 2193 967 2247 existima-

37 2286 77 2332 tur
89 2280 242 2353 scripturn,
263 2293 331 2330 nam
343 2285 471 2350 tempore
484 2276 519 2333 R.
537 2276 681 2355 Gregorii
697 2273 804 2353 Magni
821 2268 922 2350 (electi
940 2292 966 2328 a.

40 2357 105 2439 iso)
120 2361 315 2432 conscriptum
329 2359 419 2416 fuisse
431 2362 547 2416 omnino
562 2362 745 2416 existimatur
759 2359 836 2413 etc.“
854 2389 889 2398 -

92 2442 155 2500 lac.
173 2457 212 2498 un
224 2456 327 2512 noun,
348 2443 381 2498 iu
395 2442 460 2499 bibl.
475 2460 567 2500 encra
586 2443 628 2498 ed.
642 2441 755 2498 Msscu
770 2434 862 2516 (Lips.
880 2438 968 2494 1709.

40 2521 76 2601 8.)
96 2545 121 2600 p.
142 2525 212 2581 536.
230 2525 298 2580 537.
313 2532 444 2584 nostrum
462 2526 568 2582 librum
586 2535 686 2600 quarto
704 2527 782 2580 inter
800 2524 969 2597 praecipuos

41 2602 187 2664 Bibliorum
203 2609 359 2663 latinorum
373 2607 486 2664 codices
500 2611 619 2683 antiqua
634 2626 721 2663 manu
739 2615 887 2675 exaratos,
907 2613 970 2659 tota

41 2686 143 2766 Europa
155 2692 309 2767 cognitos,
329 2691 426 2764 ponit,
439 2699 504 2764 apte
517 2701 614 2747 tamen
627 2691 786 2767 adjungens
799 2687 899 2743 verba:
921 2688 971 2756 „si

42 2767 136 2846 singoli
149 2772 268 2830 hocne
291 2771 455 2828 confirmari
476 2783 573 2848 posset
591 2776 703 2848 opinio,
727 2774 833 2847 primas
851 2767 971 2826 eihand

43 2852 114 2909 dubie
130 2864 227 2930 partes
247 2855 443 2910 concedendas
468 2858 561 2911 esse.“
586 2887 622 2897 —-
649 2855 723 2910 Nam
741 2853 789 2924 hi,
816 2871 886 2928 quos
904 2862 971 2908 ante

42 2940 243 3008 nominaverat,
260 2937 328 2992 libri
349 2956 447 2994 omnes
461 2957 518 2995 uno
534 2941 648 2995 saeculo
662 2948 712 2994 aut
726 2937 834 2993 duobus
848 2937 970 2992 saeculis

41 3019 155 3086 juniores
169 3030 245 3076 sunt.
261 3050 297 3060 -

93 3099 266 3160 Reverentia
279 3103 372 3180 igitur
384 3104 532 3178 perinsus,
550 3124 622 3180 quae
641 3105 769 3179 antiquis
779 3103 970 3158 monumentis

46 3179 165 3258 debetur,
179 3189 243 3262 quis
257 3187 424 3257 mirabitur,
441 3186 580 3242 honorem
594 3197 623 3243 et
636 3188 808 3243 desiderium
821 3187 896 3240 tanti
907 3184 970 3238 the-

47 3271 112 3323 sauri
127 3287 264 3345 magnum
282 3269 371 3325 suisne
387 3287 474 3343 penes
499 3269 599 3326 doctos
616 3267 765 3326 hominesi
811 3267 907 3325 Testis
928 3275 972 3320 est

27 3341 164 3408 historia.
206 3351 282 3406 Nam
299 3353 331 3407 in
350 3369 425 3407 nova
446 3355 615 3410 recensione
631 3361 728 3408 textus
747 3353 830 3406 latini
850 3369 867 3405 a
885 3345 972 3405 Sixto

28 3435 30 3446 '
52 3427 77 3482 V·
92 3433 225 3507 pontifice
243 3432 371 3492 Romano
388 3437 483 3510 juata
501 3439 651 3497 decretam
668 3435 872 3495 Tridentium
889 3433 973 3487 insti-
