2206 3880
250 151 358 196 srxri
380 151 516 202 QUINTI
540 153 761 200 PRAEFATIO·
879 153 960 200 xm

41 295 69 327 ne
76 281 99 326 ii
107 279 218 327 Heentins
227 279 302 326 tieret
310 291 384 336 quam
399 292 506 336 aequm
515 284 582 341 erat,
589 281 681 328 -solers
692 282 775 329 cantio
786 282 896 328 adbibita
905 283 960 330 tuit.

40 368 115 421 Neque
128 365 193 410 enim
205 363 353 421 ignoramus
368 363 461 410 multos
476 377 547 424 ease,
567 365 610 422 qui
624 365 757 422 plerasque
767 367 872 412 Latinae
886 366 961 423 hujus

41 447 144 494 editionis
154 459 243 506 vocer,
258 460 288 493 ac
297 445 454 506 locutiones,
470 449 586 507 proprie,
601 451 645 494 aut
655 449 798 507 eleganter,
809 452 852 495 aut
861 450 961 507 perspi-

41 547 88 591 cue,
97 535 137 578 aut
146 531 270 590 breviter,
285 533 330 578 ant
338 532 442 589 copiose
451 531 546 590 magis,
561 535 605 578 aut
613 535 737 590 tamquam
748 534 832 579 verbis
842 533 873 579 ad
884 535 962 580 rerba

40 615 161 674 lemensis,
180 627 197 660 a
209 615 302 662 Latino
319 615 459 674 interprete
473 615 539 662 verti
552 617 665 673 potuisse
680 617 833 664 existiment.
866 617 962 662 Verum

40 701 63 746 de
72 700 106 746 bis
113 699 208 746 ruinnta
217 698 335 758 nimium,
345 701 372 746 et
385 702 494 758 auguata
503 701 660 746 concertatio
670 701 782 748 videtin:
801 714 883 757 neque
894 700 962 746 enisu

39 785 91 830 tanti
103 786 170 842 sunt,
184 785 280 829 utnon
296 783 328 828 iis
338 785 364 829 et
373 768 524 840 antiquioris
533 783 665 831 Ecclesiae
674 785 780 844 religio,
796 787 821 830 et
830 783 961 830 sanctissi-

39 881 122 914 morum
130 869 232 914 Petrum
243 868 302 924 jure
317 870 487 926 anteponatur
497 868 647 914 auctoritas:
666 881 821 926 prorsusque
831 867 962 925 indiguum

40 957 81 1010 est,
89 956 110 999 b.
121 951 246 1009 Gregorio
257 951 280 1010 ⁰)
290 953 368 1010 teste,
385 954 411 998 ut
420 953 465 998 eub
474 951 569 998 Donati
578 951 674 1009 regulis
685 954 762 1000 rerba
772 951 891 999 coelestis
902 963 961 996 ora-

40 1036 80 1082 culi
91 1035 288 1094 restringantur:
306 1049 336 1083 ac
350 1039 421 1082 tanta
434 1048 480 1094 per
493 1049 521 1082 se
535 1037 574 1081 est
582 1034 705 1093 vulgatae
720 1036 839 1082 editionis
849 1035 961 1082 auctori-

41 1125 83 1180 tas,
95 1123 191 1177 umque
207 1120 337 1167 exceHena
350 1121 518 1180 praestantia,
533 1123 561 1166 ut
574 1120 695 1178 maiorem
707 1120 851 1167 desiderare
861 1119 962 1177 penitus

42 1205 103 1251 inane
113 1205 233 1250 rideatur.
269 1205 319 1258 Qui
329 1219 435 1262 namque
446 1205 472 1250 in
483 1219 513 1252 ea
521 1204 580 1251 libri
590 1204 766 1262 continentur,
782 1202 822 1262 (ut
831 1216 846 1248 a
855 1203 961 1260 majori-

43 1291 77 1334 bus
85 1289 173 1335 nocuis
184 1288 257 1345 qnasi
265 1301 310 1346 per
320 1301 409 1334 manus
418 1289 537 1335 traditum
546 1289 620 1336 nobis
630 1288 680 1347 est)
694 1287 789 1334 retenti
803 1288 862 1332 sunt
870 1286 962 1344 partim

42 1386 68 1418 ex
75 1372 202 1429 communi,
213 1375 239 1418 et
248 1372 422 1429 antiquissime
431 1373 537 1430 quadam
546 1373 657 1420 editione
667 1371 766 1431 Latina,
777 1385 850 1429 quam
860 1373 962 1418 sanctus

42 1457 193 1516 Hieronymus
202 1448 225 1516 ὂ)
240 1456 374 1515 Vulgatam
388 1457 538 1517 editionem,
556 1460 580 1506 is.
591 1457 745 1516 Augustinus
754 1454 775 1515 ⁰)
786 1455 888 1514 ltahm,
902 1467 962 1500 aan-

44 1544 87 1586 ctus
99 1541 235 1599 Gregorius
245 1533 274 1599 ⁸)
281 1542 399 1586 Veterem
408 1541 601 1588 translationem
615 1541 758 1600 appellant,
778 1553 852 1596 quam
861 1541 963 1586 sanctus

44 1624 113 1670 itidem
122 1623 276 1682 Augustinus
287 1625 390 1683 ceteris,
405 1637 469 1682 quae
482 1629 544 1672 tunc
555 1625 680 1684 plurimae
693 1625 721 1670 in
731 1638 778 1670 usn
788 1626 874 1682 erant,
888 1624 964 1670 etiam

43 1709 215 1764 praeferendam
230 1708 342 1767 censuit,
362 1709 428 1765 quod
443 1712 510 1755 esset
524 1712 660 1758 verborum
672 1708 963 1766 tenaciorcumperspi-

45 1793 121 1839 coitate
130 1792 286 1849 sententiae;
304 1793 394 1850 partim
404 1806 438 1838 ex
448 1794 529 1846 sancti
537 1793 689 1853 Hieronymi
698 1791 865 1838 translatione
875 1791 965 1836 adsciti

45 1877 114 1936 tuere,
127 1878 214 1934 quibua
231 1876 327 1923 idcirco
337 1879 445 1934 quantus
454 1877 538 1924 bonor
548 1877 699 1924 deterendus
710 1876 755 1934 sit,
769 1875 791 1920 is
801 1873 875 1921 facile
885 1873 963 1920 intel-

44 1959 99 2018 ligit,
116 1961 157 2018 qui
171 1971 261 2008 eorum
270 1960 416 2018 interpretis
432 1961 582 2020 dignitatem
592 1960 715 2019 agnomit.
750 1957 809 2004 Fuit
823 1958 890 2004 enim
903 1971 962 2004 san-

45 2047 87 2089 ctus
96 2045 262 2104 Hieronymus
278 2045 318 2101 [ut
331 2045 398 2092 inter
407 2048 526 2092 caeteros
532 2045 598 2090 idem
608 2045 630 2090 b.
641 2042 796 2101 Augustinus
806 2041 827 2100 ²)
843 2042 963 2100 tentatur]

45 2127 139 2187 Graeco,
148 2128 254 2186 Latino,
270 2129 296 2174 et
305 2129 421 2175 Hebraeo
432 2129 544 2175 eruditus
555 2128 670 2186 eloquio,
685 2129 711 2173 et
724 2139 758 2172 ex
767 2125 918 2172 occidentali
932 2126 964 2174 ad

45 2211 176 2259 orientalem
188 2212 316 2258 transiens
326 2213 479 2272 Ecclesiam,
494 2213 521 2258 in
531 2212 595 2259 locis
605 2211 698 2258 sanetis
704 2243 712 2270 ,
722 2210 864 2267 litterisque
874 2212 963 2270 saeris,

45 2295 68 2339 ad
76 2296 220 2355 decrepitam
230 2309 309 2353 usque
318 2297 383 2342 vixit
392 2289 518 2343 aetatem.l
533 2299 608 2354 atque
619 2309 716 2355 omues,
727 2295 840 2352 quiante
848 2295 919 2342 illum
929 2309 964 2344 ex

46 2381 134 2437 utraque
143 2381 212 2428 orbis
222 2386 293 2438 parte
307 2380 338 2428 de
347 2381 462 2427 doctrina
471 2380 651 2428 Ecclesiastico
665 2379 835 2439 scripserant,
849 2392 915 2436 pene
926 2381 964 2426 vi-

46 2461 80 2520 dit,
88 2468 126 2510 aut
134 2464 208 2522 legit:
224 2477 330 2520 eumque
340 2477 392 2510 non
401 2464 477 2510 modo
482 2464 646 2523 Augustinus,
658 2463 825 2523 Chromatius,
835 2464 964 2524 Paulinus,

47 2547 158 2604 ceterique
182 2547 334 2594 sanctissimi
343 2546 478 2607 Episcopi,
493 2548 538 2594 scd
549 2548 624 2594 etiarn
633 2548 755 2593 Damasus
764 2548 886 2596 Pontifex
893 2549 964 2594 Hom.

46 2627 69 2673 dc
84 2631 257 2689 scripturarum
274 2631 339 2677 locis
359 2630 532 2678 consulebant.
569 2631 623 2677 Nec
640 2630 766 2678 immerito
786 2633 880 2678 tantam
898 2633 964 2690 apud

46 2723 117 2760 onnes
125 2715 235 2762 nominis
245 2714 425 2774 celebritatem,
435 2715 462 2761 in
472 2717 616 2760 sanctarum
625 2714 773 2772 praesertim
783 2715 965 2772 scripturarum

45 2796 145 2857 seeum,
160 2799 264 2856 adeptus
274 2800 370 2857 iuerat;
389 2813 444 2845 cum
454 2799 485 2844 ud
495 2812 551 2845 eam
560 2797 762 2853 consequendam
772 2797 849 2844 nullis
860 2799 962 2859 vigiliis,

45 2879 107 2927 uultis
116 2883 363 2941 peregrinationibus
373 2883 524 2941 pepercerit,
534 2884 560 2928 et
569 2881 730 2928 doctissimos
741 2895 854 2938 quosque
864 2883 892 2928 in
902 2883 963 2930 Gal.

45 2959 72 3007 lia
82 2966 213 3014 audiverit:
237 2966 460 3024 constantinopoli
469 2965 619 3024 Gregorium
633 2966 836 3026 Nazianzenum,
850 2967 963 3016 Meuan-

46 3044 248 3110 driaeliidymum,
259 3053 285 3097 et
293 3050 359 3097 aHos
368 3052 429 3099 alibi
443 3050 638 3108 conquisiuerit,
651 3063 712 3096 usna
728 3050 836 3109 denique
851 3053 962 3100 clarissi-

91 3271 113 3322 α)
127 3270 200 3325 Epist.
211 3273 239 3313 nt
251 3271 349 3314 iteands.
367 3273 391 3314 in
401 3285 482 3326 expos.
493 3271 538 3312 Job
548 3284 568 3312 e.
578 3274 598 3312 ⁵.
627 3270 651 3324 i)
668 3269 693 3312 S.
704 3271 797 3314 Hieron.
812 3276 929 3314 comment.
939 3273 963 3313 in

44 3335 106 3383 isaiae
118 3355 164 3396 cap.
172 3349 206 3386 ab.
217 3345 284 3386 Tum.
294 3349 315 3386 4.
336 3345 357 3398 c)
373 3344 396 3388 S·
408 3343 501 3396 Angsrst.
512 3342 528 3386 l.
538 3347 559 3384 2.
571 3343 598 3386 sla
609 3343 686 3386 Docte.
699 3343 783 3386 Christ.
794 3357 843 3397 eap-
854 3347 888 3384 15.
896 3341 961 3384 Tum.

45 3411 60 3448 ³=
87 3415 108 3464 st)
122 3414 212 3468 Gregnr.
223 3417 297 3471 Epist.
311 3417 340 3458 asi
351 3416 450 3459 Leauslr.
465 3418 489 3458 in
499 3416 666 3470 expositionem
676 3415 719 3458 Job
735 3428 785 3470 cap.
795 3421 815 3458 5.
844 3416 865 3469 e)
882 3415 934 3458 Lib:
943 3421 962 3458 i.

45 3489 110 3526 centra
117 3487 228 3532 lulianum
238 3488 393 3542 Pelagiauum.
405 3490 471 3532 Tum.
482 3493 502 3532 'l-
