2230 3878
165 149 215 198 290
268 147 380 198 EPIST.
401 145 507 196 PAULI
527 144 573 194 AD
594 143 818 195 conln'rfflos
838 142 871 194 ll.
892 143 1029 194 caasa.

165 265 213 296 tros
226 251 352 307 vituperet
361 250 386 294 in
398 249 444 294 hac
455 247 620 305 plenitudine,

165 332 228 374 quae
240 317 395 362 ministratur
405 329 420 360 a
430 316 511 361 nobis.

200 384 425 430 narrandarum
460 383 525 427 enim
555 383 621 426 bona

164 465 216 496 nan
228 451 309 496 salum
320 464 406 496 eoram
415 449 480 506 Deo,
492 448 535 493 sed
546 449 621 493 etiam

166 518 411 564 caramhaminibus.

199 587 238 630 22.
258 585 372 630 lllisimns
392 587 474 628 autem
494 595 550 627 cum
569 580 620 626 illis

165 657 190 698 et
209 655 312 698 tratrem
327 654 455 706 nostrum,
472 663 544 704 quem
558 661 619 704 pro-

164 720 277 764 lmrimus
291 719 317 762 in
332 717 416 762 multis
437 730 512 773 saepe
532 715 619 761 solici-

163 793 216 831 tum
227 799 297 841 esse,
313 798 380 830 trane
393 787 477 828 autem
487 782 565 828 multo
576 795 619 827 so-

163 853 308 910 licitiorem,
328 851 480 898 sordidantis
498 849 575 896 inulta
593 849 619 894 in

165 934 219 977 rus,

198 988 237 1032 23.
256 987 309 1032 sire
324 999 370 1042 pro
382 985 454 1041 Tito,
471 985 512 1042 qui
528 987 566 1030 est
576 997 619 1028 so-

165 1055 218 1099 rins
228 1067 307 1112 meus,
319 1055 379 1099 etin
392 1067 436 1098 ros
447 1053 557 1110 adjutor,
565 1051 618 1096 sire

164 1124 256 1167 tratres
267 1121 357 1178 nostri,
369 1120 479 1178 apostoli
489 1119 618 1164 Ecclesia-

164 1195 247 1247 rurnt’,
259 1188 342 1246 gloria
352 1188 453 1232 Christi.

198 1259 237 1300 24.
260 1256 437 1300 ostensionem
459 1267 536 1310 ergo,
555 1265 618 1310 qnae

165 1329 202 1368 est
213 1324 341 1368 charitatis
353 1326 466 1376 restrae,
480 1325 505 1366 et
514 1323 618 1365 nostras

165 1391 262 1446 gloriae
274 1403 318 1446 pro
332 1389 412 1440 robis,
424 1389 450 1432 in
461 1388 519 1433 illos
530 1391 617 1432 asten-

165 1458 215 1500 dite
227 1457 252 1500 in
263 1457 352 1502 taciem
364 1455 541 1500 Ecclesiarum.

313 1601 397 1652 ΟΜ).
430 1601 474 1651 ΙΧ.

165 1706 276 1746 Hortatur
296 1703 324 1743 nd
344 1701 510 1753 eleemosynam
531 1702 576 1742 cito
596 1708 618 1742 et

165 1766 252 1815 promto
261 1757 444 1800 animodandam.
466 1757 539 1808 Hujus
550 1757 617 1798 bene-

178 1817 280 1857 ticentiae
290 1816 326 1867 qui
337 1815 383 1856 sint
393 1816 486 1860 fructus,
497 1813 604 1855 ostendit.

199 1914 220 1955 l.
240 1912 303 1956 Nam
313 1910 343 1955 de
354 1909 505 1965 ministerio,
516 1906 582 1963 quod
593 1908 619 1952 fit

163 1981 189 2024 in
200 1983 310 2036 sanctos,
322 1991 353 2023 ex
365 1976 501 2022 abundanti
512 1978 550 2020 est
559 1975 618 2019 milri

164 2049 275 2092 scribere
287 2047 371 2101 vobim

197 2117 220 2158 2.
240 2115 293 2160 scia
314 2114 380 2158 enim
400 2113 542 2168 promptum
562 2109 618 2154 ani-

164 2196 229 2226 mum
240 2185 365 2238 vestrum,
383 2192 429 2236 pro
444 2178 535 2234 quode
548 2177 618 2222 robis

165 2246 517 2304 gloriarapudltlacedonesl.
530 2245 618 2296 Quon-

165 2317 214 2359 iam
225 2319 250 2359 et
260 2314 354 2358 Achaia
364 2315 451 2370 parata
462 2315 500 2356 est
510 2315 539 2357 ab
551 2325 618 2355 antro

165 2381 312 2439 praeterito,
334 2384 358 2425 et
379 2383 463 2424 restra
482 2378 618 2424 aemulatio

164 2447 454 2506 provocaritplurimos.

198 2517 220 2560 3.
239 2515 298 2560 illisi
317 2517 400 2558 autem
419 2513 523 2568 tratres,
544 2516 572 2557 ut
586 2527 619 2558 ne

164 2583 230 2640 quod
250 2582 389 2644 gloriamur
405 2580 435 2624 de
456 2579 540 2637 vobis,
557 2593 618 2624 era-

164 2655 252 2696 euetur
262 2651 288 2695 in
299 2649 344 2694 hac
355 2650 438 2705 parte,
449 2649 477 2691 ut
487 2646 618 2704 (quemad-

163 2719 262 2762 modum
273 2716 339 2772 diri)
351 2714 433 2772 parati
442 2714 512 2769 sitis,

196 2788 218 2829 l.
238 2799 270 2829 ne
286 2797 340 2828 enm
362 2782 477 2828 venerint
496 2781 617 2826 Macedo-

162 2867 207 2897 nes
226 2864 339 2906 mecum,
359 2854 384 2895 et
405 2849 552 2894 invenerint
572 2862 617 2893 ros

163 2921 312 2976 imparatos,
328 2921 504 2963 erubescamus
519 2929 567 2961 rros
578 2915 617 2973 (ut

162 2999 214 3030 non
234 2986 343 3030 dieamus
366 2985 425 3042 rus)
445 2984 471 3028 in
491 2984 537 3029 hac
556 2985 616 3029 snb-

162 3052 261 3098 stantia.

183 3169 193 3192 1¹
206 3166 214 3196 l
226 3162 269 3196 Cor.
280 3165 308 3201 lti,
318 3165 335 3198 3.
360 3169 396 3195 tc.
406 3165 424 3201 8,
433 3165 451 3194 2.

160 3251 500 3262 mm

691 250 714 292 5.
734 247 911 292 Necessarium
935 260 992 304 ergo
1014 247 1100 292 eristi-

655 314 723 359 mavi
742 327 835 371 rogare
855 315 960 372 fratres,
983 318 1008 359 ut
1028 327 1101 372 prae-

656 381 761 426 veniant
779 380 811 426 ad
831 394 891 438 ros,
915 385 940 426 et
957 389 1100 438 praeparent

655 447 1099 504 repromissambenedictionemhanr

654 517 768 571 paratam
783 529 853 574 esse,
869 516 906 562 sie
921 516 988 572 qnasi
1002 516 1100 562 benedi-

655 581 779 640 ctionem,
804 595 857 627 non
880 586 1000 639 tamquam
1019 585 1098 627 arari-

654 648 721 694 tiam.

689 718 711 760 6.
730 716 785 761 llos
796 719 879 762 autem
890 716 959 762 dica:
974 717 1020 768 nui
1030 731 1100 774 parce

654 783 775 840 sentinat,
792 796 867 840 parce
883 785 908 828 et
922 787 1008 840 metet;
1028 789 1052 828 et
1063 787 1098 840 qui

654 850 761 894 seminat
779 849 806 894 in
826 851 1054 908 benedictionibus,
1074 853 1099 895 de

655 917 871 964 benedictionibus
883 921 908 962 et
918 923 992 964 metet
998 925 1013 963 r.

688 986 710 1029 ἵ.
738 984 914 1041 Unusquisque
939 990 1012 1042 prout
1029 987 1098 1031 desti-

653 1051 724 1096 navit
738 1051 765 1096 in
781 1051 934 1110 cordetuo,
954 1067 1005 1098 non
1019 1068 1049 1098 ex
1060 1055 1098 1097 tri-

653 1119 730 1176 stitia,
737 1120 780 1164 aut
789 1132 822 1164 ex
832 1121 1099 1177 necessitate3bilarem

654 1185 720 1232 enim
731 1185 844 1232 datorem
857 1187 940 1245 diligit
949 1188 1024 1234 Deus.

687 1256 709 1297 8.
743 1253 837 1299 Potens
866 1257 905 1299 est
933 1259 1015 1300 autem
1041 1257 1099 1300 leus

654 1333 753 1366 omnem
764 1322 871 1378 gratiam
881 1323 1010 1368 abundare
1025 1325 1099 1368 laren

653 1388 679 1432 in
694 1389 780 1444 vobis,
798 1389 865 1433 utin
881 1390 998 1435 omnibus
1013 1403 1098 1446 semper

654 1468 755 1500 amnem
786 1456 963 1502 sufficientiam
991 1458 1098 1504 babentes

653 1522 784 1568 abundetis
796 1523 821 1567 in
833 1535 908 1568 onrne
920 1537 985 1582 opus
996 1527 1087 1570 bonurn.

687 1592 710 1633 9.
721 1590 786 1634 sieut
795 1591 915 1646 scriptum
928 1593 1097 1650 est:„Disper-

654 1657 714 1715 „sit,
735 1656 802 1702 dedit
821 1659 991 1718 pauperibus;
1014 1659 1098 1716 justitia

654 1725 728 1783 „ejus
747 1729 832 1770 manet
855 1726 882 1770 in
905 1727 1035 1772 saeculum
1053 1740 1096 1772 sae-

654 1791 771 1851 „euli³“.

688 1861 727 1903 10.
747 1858 796 1910 Qui
806 1861 888 1904 autem
899 1860 1060 1908 administrat
1068 1877 1108 1940 se,

653 1926 860 1983 menseminanti,
868 1931 893 1972 et
901 1941 995 1984 panem
1005 1931 1096 1976 adnisu·
1106 1959 1107 2020 ,

654 1994 794 2038 durandum
813 1996 968 2053 praestabit,
988 2002 1014 2043 et
1028 1997 1095 2042 multi-

653 2061 757 2118 plicabit
766 2075 852 2106 semen
865 2067 989 2123 usurum,
1001 2045 1106 2120 ataugei

654 2129 689 2175 bit
704 2129 860 2174 incrementa
881 2131 986 2188 tragum
1000 2125 1105 2189 justiliael

654 2200 767 2252 vestrae,
1102 2195 1104 2266 p

688 2266 727 2308 ll.
746 2263 814 2308 utin
831 2265 947 2310 omnibns
965 2263 1097 2325 locuplela'

654 2331 785 2376 abundetis
801 2330 826 2374 in
842 2344 943 2377 amarem
965 2335 1088 2392 simplicite

653 2403 715 2450 tem,
730 2411 793 2454 quae
805 2403 926 2454 operatur
937 2413 986 2456 per
997 2416 1044 2448 aros
1053 2415 1076 2459 pr

654 2467 744 2512 tiaram
756 2466 883 2511 actionem
893 2467 959 2512 Dea.

687 2535 727 2578 12.
745 2533 871 2584 Quoniam
885 2534 1053 2582 ministerium
1063 2535 1086 2578 ln

651 2602 693 2658 jus
709 2601 784 2645 officii
797 2613 849 2644 non
861 2601 942 2645 salum
955 2605 1055 2662 supplet

653 2682 717 2724 quae
737 2668 827 2712 desunt
846 2669 951 2726 satietis,
975 2672 1021 2718 sed
1039 2669 1072 2716 eti*

653 2735 762 2781 abundat
789 2747 834 2790 per
852 2734 943 2780 multas
975 2739 1076 2796 gratiam

653 2803 766 2848 actiones
777 2802 804 2846 in
813 2801 934 2853 Domino,

686 2871 780 2925 saper
789 2869 969 2925 probationem
981 2873 1071 2918 minim·
1081 2865 1086 2878 ‘

652 2937 726 2993 hujus
737 2936 910 2994 glorificantes
918 2937 1007 2986 Deum
1017 2942 1039 2985 in
1049 2941 1072 2982 ul

652 3003 746 3048 dientia
761 3003 933 3048 confessionis
949 3013 1060 3054 vestrae.

650 3070 819 3128 Evangelium
830 3069 938 3130 Christi,
951 3079 982 3120 et
994 3067 1082 3131 simplir'

675 3159 792 3202 torisa
816 3159 868 3197 Ῥι,
877 3163 918 3202 111,
928 3165 946 3198 9.

218 3308 354 3363 eapvnl.
391 3311 424 3350 22.
442 3311 586 3363 probabimus
606 3309 703 3363 (aza).
741 3311 774 3349 23.
791 3308 877 3361 gloriae
900 3310 1003 3358 Christi·
1037 3315 1055 3353 n

161 3367 230 3407 facie·
297 3363 340 3405 lx.
380 3369 399 3407 2.
417 3367 521 3418 quonium
537 3365 625 3417 Aclraja
644 3367 774 3419 (decutet).
814 3369 937 3408 anserum
949 3369 1065 3414 ltlaehsdm

164 3429 184 3463 ι’).
200 3422 324 3475 nonquasi.
362 3423 382 3464 b.
407 3421 473 3464 Deest
488 3423 537 3464 dieo
553 3427 608 3476 (per
622 3421 759 3464 oscitantem
774 3420 915 3476 librariam).
964 3429 988 3468 τ,
1005 3427 1060 3468 dem

165 3493 212 3520 ιιιο.
242 3481 261 3520 b·
279 3478 300 3519 in
311 3484 432 3520 aeternnm.
