2206 3880
143 136 202 182 XIV
357 133 630 181 comunura'rlo
659 131 869 178 isaaoalcn.

145 263 279 322 Distabst
292 266 368 321 eninr
380 281 462 320 mons
472 260 594 318 Casinus
607 263 730 339 triginta
743 263 860 318 circiter
873 279 1014 336 passuum
1027 263 1089 317 mil-

145 349 219 404 libus
233 367 250 403 a
265 347 401 408 coenobio
415 343 570 403 Serrandi.
614 342 703 419 CuJ'us
717 347 761 401 rei
777 345 862 400 fidem
875 346 947 401 facit
963 343 1089 399 Gnaeo-

145 446 213 486 slns
228 429 265 487 Μ.
280 433 313 486 ίιι
325 427 508 506 dialogorum
520 429 539 482 l.
553 425 588 482 ll.
604 447 627 483 c.
642 427 690 484 35.
704 427 749 484 his
762 429 873 484 verbis:
894 427 960 483 Alio
976 447 1088 502 qnoque

145 524 272 588 tempore
285 512 456 570 Servandus
465 507 612 568 Diaeonns
626 520 712 586 atque
726 510 819 567 Abbas
833 514 894 584 ejus
908 513 1087 578 monasterii,

146 597 269 672 quadiu
288 593 459 668 Campaniae
477 593 606 668 partibus
626 611 643 648 a
660 591 778 650 biberin
803 593 946 670 quondam
964 591 1086 648 Patritio

145 681 241 736 fuerat
255 685 465 746 consumtum,
482 675 519 731 ad
531 674 722 734 Benedicturn
739 677 914 732 visitationis
934 678 1036 751 gratia
1058 693 1087 730 ex

146 780 225 816 more
246 768 419 817 convenerat
439 767 493 814 etc.
536 756 678 814 Narratur
695 759 799 832 etiam,
820 757 1005 826 Seruanduaa
1028 777 1048 813 a
1063 757 1086 814 S,

146 839 306 901 Benedicta
319 849 422 900 testem
434 841 524 898 fnisse
536 850 681 913 vocatum,
692 840 759 898 dnm
772 841 897 897 orationi
908 859 960 914 per
974 851 1085 896 noctem

147 925 184 982 ad
196 924 351 982 fenestram
363 933 490 996 uacaret,
504 933 537 980 ut
559 922 713 992 Germani,
732 925 858 999 episcopi
873 920 1015 998 Capuani,
1031 925 1085 979 ani·

147 1027 223 1064 mam
236 1009 267 1063 in
282 1009 375 1064 coelos
389 1008 540 1064 abeuntem
553 1007 675 1078 videret,
688 1007 723 1064 ab
737 1008 848 1084 angelis
862 1007 893 1062 in
906 1006 1001 1062 media
1018 1009 1083 1062 luci·

148 1090 281 1146 dissimae
294 1093 397 1167 igneae
411 1089 547 1166 sphaerae
562 1089 692 1145 delatam.
708 1121 744 1131 -

207 1171 271 1228 lam
290 1191 326 1230 ex
344 1173 451 1230 duobus
471 1173 571 1248 primis
589 1172 708 1228 secundi
726 1171 842 1229 distichi
861 1169 1011 1228 vocabulis
1032 1173 1082 1227 sols

146 1257 231 1311 litera
244 1251 269 1310 E
284 1265 429 1330 superest,
452 1273 525 1330 quae
543 1254 667 1310 secundo
685 1256 749 1311 loco
762 1273 863 1312 vocem
876 1271 977 1311 versus
990 1255 1081 1310 initia·
1094 1287 1095 1296 κ

146 1340 202 1393 lem
225 1339 418 1415 componebat.
461 1335 573 1394 Rarura
600 1347 697 1394 autem
721 1340 844 1412 spatium
867 1345 1004 1412 occupat,
1037 1355 1095 1422 quo¹

148 1422 290 1476 contineri
303 1423 414 1494 possint
429 1421 616 1492 dunensem,
637 1421 854 1497 quatuordecim
866 1421 959 1476 literis
975 1437 1095 1493 compo-n

147 1505 227 1557 sitae.
271 1501 355 1559 Nunc
367 1505 444 1558 linea
456 1505 620 1560 restituitur
633 1503 689 1560 hoc
702 1504 800 1562 moda:

350 1601 520 1661 Servandus
535 1601 620 1660 Latii
730 1671 734 1682 .

392 1684 538 1742 Extremis
552 1686 586 1741 de
598 1686 701 1744 finibus
715 1685 808 1760 Abbas

147 1787 259 1842 ratione
272 1787 412 1860 simplici,
433 1795 462 1841 et
477 1787 546 1842 satis
559 1785 707 1859 probabili.
749 1783 886 1854 Proinde,
899 1786 949 1860 qui
963 1803 1078 1861 manna·

61 1887 64 1894 ¹
147 1877 204 1940 tur,
219 1886 329 1938 versus,
343 1870 445 1946 quibus
458 1870 499 1924 ait
513 1867 598 1926 abbas
612 1867 798 1926 Servandus:

229 1969 335 2027 Deroti
350 1968 468 2026 affectus
480 1972 602 2045 pignora
615 1969 699 2024 mitto
714 1969 782 2038 mei,

229 2053 331 2130 Meque
345 2071 479 2128 meosque
491 2061 592 2126 optans
606 2051 680 2106 tanti
694 2052 770 2106 inter
784 2049 889 2126 gaudia
900 2052 991 2124 patris

232 2134 264 2190 ln
279 2137 365 2194 caelis
378 2153 533 2193 memorem
547 2151 657 2208 semper
670 2131 775 2188 habers
788 2135 883 2188 locum

150 2236 282 2290 videntur
302 2234 397 2307 potius
415 2232 450 2287 ad
464 2230 500 2287 D.
514 2229 649 2296 Petrum,
668 2233 791 2306 primum
803 2231 985 2306 pontificem,
1005 2237 1094 2304 quaml

148 2319 184 2373 ad
210 2317 371 2393 quempiam
405 2316 493 2369 alium
526 2318 589 2388 ejus
619 2330 816 2370 successorem
842 2311 992 2370 reserenda
1018 2330 1078 2367 esse.

150 2399 238 2473 Cujus
258 2399 415 2452 sententiae
435 2406 513 2452 certa
529 2396 637 2451 indicia
655 2404 684 2451 et
708 2405 877 2474 argumenta
899 2405 967 2451 sunt
994 2397 1024 2450 in
1044 2412 1077 2448 se

149 2481 300 2559 quentibus
313 2479 423 2535 verbis:

292 2562 383 2627 Quem
399 2572 483 2636 caput
496 2563 634 2617 ecclesiae
648 2562 760 2617 dedicat
774 2564 832 2618 alta
845 2561 923 2618 fides.

149 2665 223 2720 Nam
236 2681 300 2719 eum
314 2663 468 2736 apostolus,
478 2662 535 2732 vel,
547 2670 579 2716 nt
592 2657 843 2717 interPontilicios
859 2661 996 2730 ereditur,
1009 2661 1076 2734 prin-

150 2767 215 2822 ceps
230 2746 422 2821 apostolorum
433 2747 492 2818 jam
507 2746 538 2798 in
549 2745 636 2802 caelis
648 2745 796 2799 beatorum
807 2745 952 2800 consortio
965 2743 1075 2806 fruatur,

149 2831 319 2887 Servandus
332 2830 396 2902 pius
409 2825 502 2883 Abbas
517 2827 701 2900 deprecatur,
721 2833 753 2880 ut
767 2843 824 2881 una
838 2845 902 2882 cum
916 2827 975 2882 suis
989 2841 1075 2880 mona-

150 2910 211 2968 chis
225 2903 311 2987 (quos
326 2912 397 2967 dicit
409 2905 555 2988 meosque)
568 2911 663 2965 locum
680 2909 758 2963 inter
771 2927 819 2964 eos
832 2907 943 2964 habeat.
987 2905 1074 2964 Mona-

150 2994 196 3049 chi
221 3001 316 3049 autem
339 2992 460 3048 hisacii
482 2993 610 3048 laborum
626 2991 716 3046 fuisse
732 2991 867 3047 videntur
887 2993 918 3046 in
936 2987 1074 3046 scribendo

148 3076 367 3152 adornandoque
379 3072 538 3130 Bibliorum
551 3093 644 3149 opere.
675 3071 830 3130 Florebant
843 3075 919 3130 enim
932 3074 1015 3129 laude
1029 3071 1074 3127 cal-

149 3157 309 3236 ligraphine
330 3167 360 3213 et
376 3159 621 3232 praestantissima
638 3158 695 3213 alia
714 3174 813 3212 sacrae
830 3158 1012 3232 antiquitatis
1025 3171 1073 3210 mo·
1092 3199 1093 3212 ,

148 3251 284 3300 numenta
304 3239 497 3316 perficiebant.
539 3239 579 3296 Et
602 3242 744 3315 scriptura
767 3239 882 3316 quidem
903 3242 996 3295 nostri
1019 3235 1074 3293 libri
1092 3215 1093 3296 l

150 3326 372 3403 castigatissima
384 3331 438 3393 est,
452 3325 654 3399 prolegomena
667 3341 718 3396 pro
732 3321 777 3378 his
791 3322 905 3396 quidem
913 3320 1073 3396 temporibus

150 3409 233 3464 (loeta
247 3417 314 3464 sunt
331 3416 360 3462 et
373 3407 503 3479 eopiosa,
516 3413 683 3462 ornamenta
696 3403 867 3480 magnifica,
885 3406 1015 3478 picturae
1027 3418 1073 3458 me·
