2206 3880
247 155 353 202 slx'rl
376 157 511 210 cultim
533 159 759 206 rasuram.
934 161 967 203 Ll

40 286 356 346 nostrorumssssctitutsm,
365 287 527 348 sapientiam,
540 301 708 349 consensum,
724 289 967 345 vetustissimamque

40 369 160 416 Ecclesiae
169 370 379 416 consuetudinem
388 383 441 416 non
451 372 549 431 vereri,
566 374 695 419 temeritas
709 371 798 430 plane,
812 371 967 428 pertinacia-

41 467 81 510 que
98 453 223 500 censenda
240 457 287 500 est.
321 456 403 511 nsque
421 455 516 502 idcirco
532 460 555 503 b.
567 457 752 516 Hieronymus,
771 455 814 512 qui
826 455 965 512 Hebraeos,

41 538 190 593 Graecosque
198 537 394 595 interrogandos
404 551 460 584 esse
470 539 551 586 dubiis
559 541 587 586 in
597 543 673 588 rebus
683 539 881 598 admonet,ldem
891 538 966 584 etiam

42 622 118 680 sentit,
138 633 169 667 eo
182 633 238 666 non
251 621 302 667 nisl
316 633 404 682 parce,
419 625 445 669 et
457 627 551 680 quanto
565 626 648 671 rarius
660 625 716 671 lieri
730 626 815 682 potest
829 622 887 680 (ne,
902 633 966 678 quse

41 705 108 762 longo
121 707 226 762 recepta
239 707 299 750 sant
313 717 373 764 usu,
390 707 522 767 fluctuent)
542 707 730 754 recurrendum.
766 708 822 760 Qua
837 705 867 751 de
882 717 965 762 cansa,

42 788 68 834 sd
80 789 138 835 aovi
151 789 309 835 Testamenti
327 789 520 837 translationem
534 791 573 851 ⁰),
593 791 707 848 quamvis
724 792 843 838 hortante
856 791 965 836 Damaso

42 873 163 932 Pontifice,
180 871 280 918 tardior
293 871 353 932 luit,
372 873 441 931 pium
455 874 585 932 appellans
599 874 725 934 laborem,
740 875 785 921 sed
799 873 967 932 periculosam

42 956 270 1016 praesumptionem,
274 956 389 1013 judicare
399 957 430 1005 de
452 957 786 1020 caterisipsumabomnibus
794 957 965 1016 judicandum,

43 1041 100 1086 senis
113 1043 210 1086 mutare
219 1039 330 1098 linguam
339 1043 566 1104 „etcaneaccntem
573 1042 626 1100 jam
634 1043 752 1088 muudum
762 1042 794 1088 ad
802 1041 875 1088 initia
884 1045 966 1088 retra-

43 1125 94 1170 lere
103 1123 273 1182 parvulorum
309 1124 371 1177 Quis
381 1125 448 1171 enim
460 1123 548 1172 doctus
558 1125 666 1185 pariter,
681 1125 724 1171 vel
733 1126 864 1185 indoctus,
874 1140 930 1172 cum
939 1127 966 1172 in

43 1221 118 1254 nanos
127 1208 248 1254 volumen
257 1209 404 1268 sumpserit,
415 1212 441 1254 et
449 1222 465 1254 a
474 1209 568 1268 salira,
579 1222 651 1266 quam
662 1209 740 1255 semel
749 1209 859 1268 imbibit,
875 1210 968 1256 viderit

45 1293 173 1350 discrepare
188 1291 255 1348 quod
264 1291 372 1351 lectitat,
387 1305 441 1338 non
456 1294 539 1339 statim
554 1296 668 1352 erumpat
682 1293 822 1352 invocem,
837 1292 967 1339 falsarium

44 1377 104 1422 illum
112 1375 256 1435 clamitans,
272 1378 298 1422 et
307 1376 470 1436 sacrilegum,
486 1378 527 1434 qui
542 1378 633 1424 audeat
646 1378 674 1424 ia
684 1377 811 1424 veteribus
820 1376 912 1422 litteris
922 1377 967 1423 ad-

45 1459 108 1519 dere,
119 1463 230 1518 mutare,
245 1459 391 1518 corrigeret
425 1459 637 1520 Notissimumqaa
655 1464 696 1508 est
709 1461 772 1507 illud
786 1461 817 1507 ‹le
827 1461 908 1507 lonae
923 1475 968 1508 cu·

47 1537 175 1604 curbicii),
190 1555 255 1600 qnae
269 1543 297 1590 in
306 1543 395 1590 Veteri
402 1544 516 1591 editione
529 1545 675 1604 legebatur;
693 1557 741 1604 pro
750 1557 864 1603 quacum
875 1545 968 1593 fliero-

47 1640 123 1686 nymus
133 1627 250 1674 hederam
257 1628 399 1686 posuisset,
417 1629 523 1685 quodam
537 1630 564 1675 in
575 1629 662 1676 Africa
672 1629 801 1688 Episcopo
817 1627 969 1688 interpreta-

47 1711 129 1757 tionem
137 1711 289 1770 Hieronymi
297 1711 325 1756 iu
333 1711 450 1758 Ecclesia
459 1711 602 1774 lectitante,
616 1715 697 1760 factos
707 1715 746 1759 est
755 1716 840 1759 tantm
849 1715 969 1782 tumultus

47 1795 69 1840 iu
77 1795 142 1852 plebe
151 1797 256 1854 propter
265 1795 339 1842 unius
349 1796 420 1843 verbi
430 1795 620 1857 dissonantiam,
632 1799 660 1844 ot
669 1801 770 1844 coactns
780 1797 969 1857 sitEpiacopus‚

48 1891 76 1924 ne
88 1879 225 1926 sacerdotio
240 1879 405 1941 dejiceretur,
425 1881 544 1926 damnare
557 1881 625 1936 quod
639 1881 745 1939 legerat.
781 1881 866 1934 Quare
878 1881 969 1929 merito

49 1973 109 2009 sacra
118 1962 267 2010 'Ridentina
276 1964 395 2023 Synodos
404 1965 496 2012 veteris
507 1963 630 2020 Vulgatae
641 1963 759 2010 editionis
769 1964 848 2011 libros
858 1979 912 2012 non
921 1966 969 2012 ali-

48 2046 112 2106 lffl),
121 2061 192 2104 quam
201 2050 280 2106 prout
288 2045 437 2096 inEcolesia
446 2049 498 2107 legi
508 2051 705 2104 consueverunt,
714 2060 762 2105 pro
773 2049 903 2096 canonicis
913 2063 969 2097 aus-

48 2129 163 2187 cipiendos
182 2131 303 2178 decrevit.
337 2133 390 2179 Nos
404 2137 486 2180 autem
499 2135 528 2178 ut
541 2132 603 2178 haec
616 2131 696 2178 Vetus
711 2131 803 2191 editio,
824 2145 888 2190 qnae
902 2147 970 2182 nunc

48 2215 120 2270 prodit
131 2219 220 2264 nostro
239 2229 332 2264 excusa
350 2216 453 2277 praelo,
473 2215 586 2276 ejusdem
601 2215 698 2276 synodi
714 2217 872 2275 praescripto
889 2220 971 2266 modis

49 2299 148 2347 omnibns
159 2301 341 2360 responderet,
355 2313 409 2348 non
424 2301 505 2347 solum
515 2303 614 2347 veteres
621 2331 629 2361 ,
643 2303 669 2347 et
681 2303 712 2347 ab
722 2299 839 2346 Ecclesia
853 2306 970 2360 receptos

50 2380 155 2440 loquendi
171 2385 261 2431 modos
276 2385 496 2445 conservavimus,
510 2383 554 2432 sed
571 2385 646 2431 stiam
664 2384 810 2443 apocrypha
826 2377 971 2445 rejecimus,

50 2466 179 2516 authentica
187 2469 346 2516 retinuimus.
380 2471 443 2516 Nam
453 2469 564 2529 tertium,
576 2471 601 2515 el
610 2470 725 2526 quartum
734 2467 831 2515 Esdrae
840 2467 921 2516 libros
931 2471 971 2516 in-

51 2551 158 2613 scriptos,
168 2555 195 2600 ct
202 2551 306 2599 tertium
315 2555 539 2612 machabaeorum,
556 2563 619 2610 quos
630 2551 747 2611 synodus
757 2552 824 2598 inter
834 2555 971 2601 canonicos

51 2645 94 2679 nou
102 2640 255 2697 annumerat,
267 2639 461 2686 mentientibus
472 2637 547 2684 etism
555 2635 583 2683 in
592 2637 641 2682 hoc
651 2636 787 2694 praedictis
797 2637 971 2684 cardinalibus

51 2721 242 2780 congregationis
267 2733 343 2781 super
362 2721 543 2782 'typographia
560 2721 683 2767 Vaticana
701 2719 847 2777 deputatae,
870 2722 901 2767 ab
924 2721 971 2767 hac

50 2800 145 2852 editione
158 2815 263 2863 prorsus
281 2803 446 2865 explosimus.
482 2805 629 2851 Orationem
648 2803 722 2848 ctiam
736 2805 883 2862 Manassae,
906 2817 970 2862 quac

50 2897 117 2943 neque
126 2889 151 2936 in
159 2890 292 2950 Hebraeo,
307 2903 390 2947 neque
399 2889 426 2935 in
436 2889 535 2936 Graeco
544 2891 616 2934 textu
627 2888 678 2945 est,
689 2899 771 2944 neque
781 2885 808 2932 ia
819 2887 970 2946 antiquiori-

51 2968 86 3014 bus
94 2973 264 3032 manuscriptis
274 2974 371 3020 Latinis
382 2973 568 3031 exemplaribus
579 2970 720 3028 rcperitnr;
739 2969 783 3016 sed
798 2971 825 3017 in
839 2972 969 3030 impressis

50 3053 128 3102 tumn
138 3058 295 3116 postlibrum
304 3057 441 3103 secundum
451 3037 665 3114 Paralipomenon
681 3056 758 3102 affixa
772 3059 825 3116 est,
845 3060 969 3114 tamquam

50 3134 154 3201 insulam,
169 3141 306 3202 adjectam,
321 3144 347 3187 et
360 3141 387 3187 in
400 3143 473 3187 textu
487 3149 617 3186 sacrorum
631 3138 755 3186 librorum
768 3140 852 3187 locum
861 3154 915 3186 non
924 3139 970 3185 ha-

52 3220 148 3285 bentem,
164 3225 361 3284 repudiavimus.
400 3223 542 3271 Nonnullas
566 3223 641 3270 etiarn
664 3224 799 3282 aliquando
822 3223 969 3283 sententias,

51 3323 362 3344 Ἣ

96 3411 118 3463 o)
132 3409 159 3454 ln
172 3414 271 3468 praefat.
287 3419 383 3468 quatuor
397 3411 579 3467 Evangeliorun·
597 3412 664 3456 Tom.
678 3416 699 3455 3.
729 3413 754 3466 i)
769 3411 844 3464 Epist.
860 3417 893 3456 tu.
905 3418 928 3456 ct
939 3417 971 3457 tl.

53 3475 98 3522 Tun
117 3485 135 3525 l.
162 3485 183 3540 c)
199 3483 260 3528 Sess.
270 3489 292 3528 l.
987 3497 989 3504 '

738 3543 770 3580 31
