2206 3886
299 127 510 180 EPISTOLA
527 129 668 182 JUDAE.

33 237 84 280 13.
110 233 192 280 Multa
206 233 281 280 habui
290 234 336 279 tibi
346 233 471 288 scribere;

16 302 43 347 ed
57 300 146 346 nolui
155 313 201 357 per
211 301 471 346 atramentum⁶etaa-

15 382 110 414 imum
120 368 232 414 scribere
243 367 296 416 tibi.

15 463 19 482 '-
39 461 55 492 2
67 455 124 492 loli.
135 459 164 493 12.

907 129 956 181 385

539 235 579 277 14.
598 234 678 290 Spero
697 234 780 278 autem
798 233 914 289 protinus
932 235 958 278 te

506 300 606 358 videre,
626 302 651 345 et
670 312 699 345 οι
719 300 750 344 ad
769 313 798 344 οι
817 299 957 356 loquemur.

506 368 560 414 Pax
569 365 625 413 tihi!
641 367 756 414 Salutant
769 369 794 412 te
807 367 892 413 amici!
911 369 957 414 Sa-

506 435 559 482 luta
568 434 662 481 amica·
672 429 831 480 nominatim!

351 615 628 664 ...mow-

36 783 545 870 EPISTOLA
614 781 925 868 JUDAE.

424 975 561 1002 a

17 1236 115 1288 inpiam
134 1232 222 1274 Enochi
236 1237 259 1274 et
273 1231 426 1287 apostolorum
441 1244 478 1273 va-

85 1306 167 1348 ticinia
177 1310 268 1348 revocat
277 1307 300 1347 in
310 1308 413 1348 mentem.

48 1466 75 1507 1.
96 1438 192 1520 Judas,
202 1461 264 1506 Jeeu
274 1458 368 1505 Christi
377 1470 474 1514 servus,

12 1533 101 1576 trater
112 1531 196 1574 autem
205 1527 307 1585 Jacobi,

12 1599 39 1642 iu
53 1599 115 1643 Deo
127 1597 202 1640 Patre
217 1593 328 1652 dilectit,
339 1596 365 1638 et
375 1592 475 1637 Christo

12 1667 81 1711 lesu
95 1662 262 1720 conservatir,
273 1663 299 1707 et
310 1661 416 1705 vocetis.

49 1753 75 1794 2.
98 1745 276 1794 Misericordia
287 1744 357 1790 vobis
364 1775 371 1802 ,
382 1747 408 1788 et
417 1755 475 1801 pax,

15 1821 40 1862 et
52 1817 167 1874 charitas
177 1812 349 1870 adimpleatur.

51 1903 77 1947 3.
99 1895 258 1944 charissimi!
270 1910 369 1942 omnem
380 1893 477 1940 sollici-

17 1967 135 2014 tudinem
149 1966 245 2011 iaciens
260 1963 386 2010 scribendi
407 1961 477 2006 vebis

18 2035 49 2080 de
66 2033 197 2082 communi
216 2033 301 2077 vestra
320 2029 415 2084 salute,
430 2042 477 2074 ne·

18 2117 93 2148 cesse
103 2099 179 2146 habui
190 2099 301 2144 scribere
308 2097 379 2142 vobis
386 2097 477 2154 depre-

20 2183 83 2214 cans
98 2165 287 2225 supercertari⁶
305 2163 384 2210 semel
398 2162 477 2208 tradi-

20 2239 61 2281 tae
73 2234 170 2282 sanctia
180 2232 245 2278 fidei.

54 2323 79 2365 4.
105 2315 313 2365 subintroierunt
336 2312 402 2359 enirn
421 2311 477 2368 qui-

21 2387 79 2434 dam
88 2386 205 2432 homiues
216 2382 271 2441 (qui
281 2381 341 2429 olim
351 2379 478 2437 praeieri-

22 2456 59 2511 pti
69 2456 130 2500 aunt
146 2452 236 2498 iuliae
249 2447 383 2506 judicium)
398 2446 477 2504 impii,

23 2522 71 2568 Dei
81 2520 165 2567 nentri
180 2517 285 2576 gratiam
295 2517 478 2562 transferentes

23 2589 48 2634 in
64 2587 206 2643 luxuriam,
221 2587 247 2632 et
261 2584 341 2630 salum
355 2582 479 2628 Domina-

23 2659 121 2712 torem‚
132 2656 157 2700 et
166 2653 301 2698 Dominum
310 2652 425 2696 nostrum
434 2649 449 2694 J
451 2662 479 2694 e·

25 2737 80 2770 sum
91 2721 217 2767 Christum
227 2721 357 2778 negantes.

61 2810 84 2852 5.
105 2807 271 2850 commouere
282 2804 364 2846 autem
376 2811 421 2844 voe
432 2809 479 2842 vo-

26 2874 61 2930 la,
74 2872 184 2920 acieutea
194 2869 273 2915 aemal
287 2867 383 2924 omnia,
397 2878 480 2922 quon-

27 2941 77 2986 iam
88 2942 162 2986 Jeeue
176 2936 297 2996 populum
311 2935 341 2981 de
351 2938 420 2980 terra
429 2933 480 2978 Ae-

72 3047 124 3085 l'hil.
134 3052 152 3089 1,
161 3050 191 3084 27.

28 3136 367 3150 —n--u-——n——t-

509 1094 580 1154 gypti
590 1092 705 1149 salvaus3
721 1095 831 1140 secundo
847 1109 906 1154 eoa,
919 1097 962 1152 qui

13 1160 145 1207 Hortatur,
161 1167 184 1202 ut
194 1161 252 1202 firmi
262 1162 308 1202 sint
317 1161 362 1202 fide
372 1160 479 1202 adversus
509 1176 562 1208 nou
573 1159 742 1218 crediderunt,
753 1155 885 1218 perdidit&

543 1231 567 1273 6.
584 1226 698 1284 Angelos
709 1240 780 1286 vero,
791 1229 833 1286 qui
843 1242 896 1274 uon
905 1242 961 1276 aer-

511 1297 635 1341 vaverunt
644 1307 716 1339 auum
725 1295 906 1354 principatum,
918 1297 961 1342 sed

511 1363 700 1418 dereliquerunt
713 1375 785 1408 auum
799 1363 961 1428 domicilium,

510 1431 536 1476 in
544 1429 666 1488 judicium
680 1430 764 1486 magni
775 1430 838 1489 diei,
854 1431 962 1477 vinculi·

317 1527 356 1571 hi!
366 1526 408 1582 qui
418 1525 476 1570 unp
510 1497 621 1544 aeternis
632 1497 676 1543 sub
687 1497 796 1555 caligine
805 1499 955 1544 reservavit.

544 1567 567 1610 t.
586 1565 656 1612 Sicut
671 1564 794 1623 Sodoma,
810 1568 835 1611 et
854 1565 963 1611 Gomor-

510 1632 557 1676 rhu
562 1639 580 1688 ⁶,
592 1634 618 1678 et
627 1631 746 1677 finitimae
762 1632 878 1678 civitatee
888 1632 964 1678 eirnili

510 1699 586 1743 medo
600 1698 788 1757 exfornicatae,
804 1702 830 1744 et
843 1702 964 1745 abeuntes
1016 1741 1018 1746 ,

511 1767 569 1822 post
583 1777 683 1810 carnem
699 1765 804 1810 alteram
814 1767 896 1812 tactae
906 1773 965 1812 aunt

511 1831 654 1888 exemplum
663 1831 730 1889 ignis
739 1832 846 1890 aeterni,
856 1845 965 1889 poenam

511 1899 673 1945 sustinentes.

545 1969 568 2010 8.
587 1965 708 2011 Similiter
723 1965 784 2012 ethi
798 1978 900 2012 carnem
909 1967 965 2022 qui-

512 2031 966 2088 demmaculant,domiuationemau-

511 2104 562 2146 tem
572 2102 704 2158 spernunt,
714 2099 872 2156 majestatem
882 2103 965 2146 autem
977 2131 981 2139 -

512 2159 712 2224 blasphemantd.

546 2237 568 2278 9.
588 2235 649 2278 Cum
669 2233 779 2280 Michael
792 2233 966 2292 Archangelus

512 2315 568 2347 cum
578 2301 678 2348 diabalo
690 2301 819 2359 disputans
830 2301 967 2348 altercare-

512 2371 553 2414 tur
569 2369 599 2414 de
612 2368 697 2427 Moysi
712 2382 836 2428 corpore,
855 2382 908 2414 uon
930 2371 969 2416 est

513 2449 589 2482 ausus
601 2435 723 2493 judicium
738 2437 834 2482 inferre
850 2435 967 2493 blaephe-

512 2504 592 2561 miae3
603 2503 648 2550 aed
658 2503 734 2550 dixit:
742 2505 852 2561 Imperet
862 2503 967 2550 tibillo-

512 2569 607 2617 minua!

547 2640 587 2681 10.
614 2637 647 2682 lli
674 2639 769 2693 autem,
799 2648 968 2692 quaecumque

514 2703 614 2759 quidem
629 2703 763 2760 ignorant,
779 2701 967 2759 blasphemant,

514 2782 684 2826 quaecumque
707 2770 791 2813 autem
809 2769 967 2826 naturaliter,

513 2839 639 2892 tamquam
648 2838 716 2881 muta
725 2834 853 2894 animalia,
863 2841 967 2895 norunt,

514 2904 541 2950 in
550 2903 590 2948 his
600 2904 803 2960 corrumpuntur.

537 2994 615 3031 ⁵Num.
625 2995 656 3035 1⁴,
665 2997 694 3032 35.
707 2998 717 3030 1
728 2993 773 3030 cor.
784 2999 813 3036 10,
822 2996 839 3032 t.
864 3000 872 3021 θ
882 2995 967 3039 Genua,

513 3044 545 3080 24.
555 3053 585 3090 aq.
610 3040 702 3078 dareta
712 3044 769 3084 αμα.
780 3045 809 3078 11.

86 3195 142 3249 Gap.
156 3193 175 3236 Ι.
205 3197 239 3235 13.
255 3193 412 3235 miterettbi.
442 3195 475 3234 14.
493 3204 535 3246 per
544 3203 632 3232 nemen.

87 3284 143 3337 Cap.
159 3282 179 3323 1.
209 3287 228 3324 l.
245 3281 280 3324 his
291 3282 362 3336 quiin
371 3281 420 3323 Deo
431 3285 497 3334 patre
508 3278 598 3322 dilectis
613 3282 636 3320 et
646 3277 717 3320 Jhem
729 3276 821 3322 Christo
831 3283 968 3324 conservetis

32 3340 117 3380 voratis
132 3339 222 3389 (desunt
231 3339 323 3380 verbula
336 3341 389 3378 aunt
402 3342 426 3379 et
439 3337 480 3391 et).

518 3339 539 3377 2.
559 3335 650 3377 caritas.
689 3337 709 3375 ³.
725 3335 850 3385 carissimi,
864 3335 918 3378 itin.
930 3337 968 3380 de-

34 3408 151 3448 praedant.
183 3397 203 3435 l.
224 3392 340 3436 Gomorra.
375 3397 394 3434 8.
416 3392 453 3436 hii·
488 3394 508 3436 9.
530 3388 655 3440 Michaheh
675 3389 730 3434 ibid.
750 3388 853 3440 dimum
871 3391 925 3435 ittet.
941 3393 968 3436 de

35 3451 91 3493 Moti
101 3462 204 3505 corpora·
234 3453 267 3491 10.
283 3447 321 3490 hii.

750 3506 771 3552 u
