2230 3878
130 103 247 155 EPlS'l'.
269 103 374 154 PAULI
393 104 440 153 AD
462 100 684 154 CORINTHIOS
703 105 735 154 ll.
758 105 832 156 oaP.
845 107 868 158 9.
882 109 920 158 lt).
964 110 1012 160 291

54 213 111 254 tate
125 206 365 253 communicationis
377 206 403 250 iu
413 205 485 264 illos,
497 208 523 250 et
557 205 589 249 sti
596 211 614 232 w
624 218 651 250 se
662 219 731 264 esse,
747 208 795 253 hoc
811 210 907 266 cogitet
922 212 1012 257 iterum

56 277 83 320 in
95 287 205 331 omnes,

92 345 138 386 14.
158 345 184 387 et
194 342 221 386 in
236 342 348 399 ipsorum
364 339 521 385 obsecratio-

55 425 89 456 ne
102 423 154 467 pro
166 409 253 466 vobis,
268 407 465 454 desiderantium
475 420 521 451 ros

55 481 170 534 propter
185 477 338 522 eminentem
353 475 459 532 gratiam
474 475 521 520 Dei

56 547 82 590 in
98 545 183 589 vohis.

92 615 137 656 15.
157 610 319 656 GratiasDeo
331 623 407 667 super
417 610 521 655 inenar-

55 679 136 724 rabili
148 679 217 723 dono
229 679 292 734 ejus.

217 798 301 848 CAP.
333 797 367 845 X.

57 886 91 924 lle
110 879 212 936 apostoli
228 883 354 934 potestate,
375 885 398 920 et
413 880 436 920 in
452 891 519 921 cansa

137 937 223 978 Christi
235 934 353 977 exantlato
364 933 448 976 lahore.

90 1018 116 1060 1.
137 1017 195 1071 lpse
209 1015 292 1058 autem
308 1025 355 1069 ego
366 1011 458 1056 Paulus
473 1013 519 1057 ob-

55 1095 135 1130 secro
158 1094 219 1136 ros,
238 1093 284 1137 per
302 1079 518 1124 mansuetudinem

55 1155 81 1196 et
92 1148 245 1195 modestiam
255 1147 356 1204 Christi,
364 1147 406 1202 qui
417 1147 442 1190 in
453 1147 519 1192 facie

55 1218 160 1274 quidem
181 1214 281 1260 humilis
303 1228 355 1258 sum
376 1214 442 1258 inter
461 1226 518 1274 vos,

56 1289 152 1332 absens
164 1286 247 1328 autem
256 1281 355 1326 conlido
366 1280 392 1326 in
405 1280 497 1326 vobist.

92 1355 117 1396 2.
137 1352 211 1408 Rogo
221 1353 304 1395 autem
320 1361 380 1406 vos,
395 1362 427 1393 ne
443 1361 518 1404 prae-

56 1434 119 1465 sens
130 1418 250 1476 audeam,
267 1429 311 1474 per
322 1429 376 1461 eam
388 1415 518 1462 conliden-

57 1489 133 1544 tium,
159 1499 209 1542 qua
227 1484 360 1530 existimor
379 1483 472 1528 audere
491 1483 518 1528 iu

57 1554 192 1612 quosdam,
220 1553 263 1608 qui
289 1551 443 1597 arbitrantur
470 1564 518 1596 nos

56 1629 186 1678 tamquam
201 1619 337 1666 secundum
353 1631 454 1664 earnem
464 1631 517 1664 am-

58 1691 183 1736 bulemus.

94 1759 117 1802 3.
138 1758 167 1800 ln
186 1768 261 1800 carne
277 1753 344 1799 enim
360 1753 516 1800 ambulantes

58 1821 516 1870 nonsecundumcarnemmilitamus.

92 1894 117 1936 1.
131 1893 195 1936 Nam
203 1903 272 1936 arma
282 1889 386 1935 militiae
396 1891 518 1935 nostree“

58 1973 113 2005 non
129 1958 243 2005 earnalia
257 1960 329 2014 sunt,
344 1957 388 2002 sed
402 1957 517 2014 potentia
547 1981 555 1996 ι

59 2029 115 2073 Deo
132 2025 164 2071 ad
182 2025 380 2071 destructionem
394 2025 515 2069 munitio-

59 2110 129 2153 num,
141 2093 248 2140 consilia
258 2093 425 2149 destruentes,

94 2167 117 2208 5.
137 2164 163 2208 et
181 2175 281 2206 omnem
296 2159 453 2204 altitudinem
468 2173 515 2206 ex-

60 2231 193 2276 tollentem
207 2243 234 2274 se
249 2228 370 2272 adversus
385 2227 515 2273 scientiam

60 2299 121 2356 Dei,
139 2297 200 2342 etin
215 2296 384 2353 captivitatem
394 2295 515 2352 redigen-

60 2369 98 2411 tes
114 2379 214 2410 omnem
227 2362 383 2410 intellectum
398 2363 424 2408 iu
440 2365 515 2409 obse-

60 2434 144 2490 quium
156 2431 257 2490 Christi,

93 2503 117 2544 6.
137 2504 162 2546 et
172 2499 198 2544 in
208 2500 325 2556 promptu
341 2493 463 2544 hahentes
474 2497 515 2543 ul-

60 2568 120 2614 cisci
132 2581 232 2612 omnem
242 2566 448 2623 inobedientiam,
460 2580 515 2610 cum

59 2635 161 2692 impleta
171 2634 248 2680 luerit
258 2637 343 2679 vestra
353 2633 505 2678 ohedientia.

92 2705 115 2748 ’1.
127 2703 198 2755 Quae
207 2701 344 2747 secundum
351 2701 440 2746 faciem
447 2702 514 2759 sunt,

59 2769 207 2816 videtevtffi
214 2769 268 2825 quis
275 2769 378 2815 confidit
386 2769 433 2815 sibi
440 2768 514 2813 Chri-

82 2870 118 2902 tv.
132 2871 161 2902 10.
183 2863 284 2908 acor-A,
298 2868 327 2902 18.
343 2875 386 2912 sqq.
411 2863 513 2912 ”Ephfn

58 2918 86 2950 13.
111 2920 146 2948 ¹¹c.
156 2915 175 2954 5,
187 2916 216 2949 16.

60 3002 398 3014 -ι--ο-ιι

556 271 622 328 apud
637 287 678 330 se,
698 273 756 330 quio
771 275 836 320 sieut
849 277 903 334 ipse
919 279 1012 324 Christi

556 343 602 397 est,
614 339 648 384 ita
660 343 684 386 et
693 354 749 386 nos.

589 410 612 451 8.
631 407 693 452 Nam
713 410 738 453 et
756 409 778 453 si
794 408 1010 467 ampliusaliquid

555 474 679 530 gloriatus
695 477 767 521 fuero
784 477 814 521 de
825 479 949 533 potestate
960 493 1009 523 no-

555 545 620 600 stra,
637 555 710 598 quom
724 543 792 588 dedit
801 545 874 590 nobis
885 546 1008 590 Dominus

554 609 580 653 in
591 609 806 669 aedificationem,
822 615 847 656 et
863 613 951 657 nonin
963 613 1007 658 de-

554 677 719 723 structionem
737 681 858 736 vestram3
878 693 931 725 non
948 694 1007 725 eru-

554 745 661 790 hescam.

588 813 610 855 9.
631 813 661 856 Ut
687 814 771 858 eutem
798 826 850 858 non
877 813 1007 860 existimer

553 881 678 934 tamquam
691 881 789 926 terrere
801 894 846 926 vos
856 895 902 938 per
912 882 1007 940 episto-

552 945 604 1002 las,

586 1014 626 1058 10.
640 1013 864 1070 quoniamquidem
875 1016 1006 1076 epistolae,

552 1081 682 1137 inquiunt,
697 1093 789 1138 graves
804 1086 863 1127 suut
878 1088 903 1128 et
912 1085 1006 1141 fortes3

552 1148 697 1204 praesentia
711 1150 794 1193 autem
809 1150 925 1206 corporis
935 1151 1006 1196 intir-

552 1229 600 1272 ma,
612 1217 636 1260 et
647 1228 729 1260 sermo
741 1216 951 1274 contemptibilis;

586 1284 626 1327 11.
644 1283 693 1328 hoc
704 1283 811 1341 cogitet,
829 1284 872 1340 qui
882 1285 1006 1341 ejusmodi

552 1353 600 1408 est,
612 1351 671 1407 quia
680 1350 767 1406 quales
777 1363 862 1396 sumus
874 1354 952 1398 verbo
961 1366 1007 1409 per

553 1418 682 1476 epistolas,
689 1420 815 1478 absentes,
822 1419 885 1465 tales
897 1421 921 1465 et
930 1433 1005 1477 prae-

552 1488 637 1531 sentes
648 1485 674 1530 in
684 1487 760 1532 lacto.

586 1563 625 1607 12.
645 1563 702 1607 Nou
718 1562 785 1608 enim
800 1563 919 1610 audemus
935 1564 1005 1610 inse-

551 1643 619 1687 rere,
630 1633 673 1675 aut
685 1643 833 1687 comparare
843 1645 890 1676 nos
901 1632 1004 1687 quihus-

552 1697 617 1754 dam,
628 1697 670 1754 qui
681 1711 708 1742 se
719 1698 787 1754 ipsos
799 1699 1004 1753 commendent&

551 1765 596 1810 sed
613 1765 663 1821 ipsi
681 1765 708 1809 in
725 1765 798 1810 nohis
817 1770 917 1811 nosmet
935 1767 1005 1823 ipsos

550 1832 698 1890 metientes,
718 1835 743 1877 et
757 1835 932 1889 comparantes
943 1847 1004 1878 nos-

550 1902 601 1945 met
611 1900 679 1957 ipsos
690 1899 771 1944 nobis.

585 1969 625 2012 13.
643 1969 696 2012 Nos
707 1971 790 2012 autem
800 1980 853 2011 uon
863 1967 890 2012 in
899 1967 1005 2013 immen-

550 2048 604 2080 sum
615 2034 794 2092 gloriabimur,
810 2034 854 2079 sed
869 2035 1006 2080 secundum

550 2115 692 2148 mensuram
708 2101 826 2160 regulae,
842 2115 890 2158 qua
904 2117 1005 2148 mensus

550 2173 588 2215 est
603 2169 677 2215 nohis
692 2169 775 2228 Deus,
793 2183 936 2215 mensuram
946 2184 1005 2227 per-

549 2237 664 2295 tingendi
675 2251 754 2294 usque
764 2236 796 2282 ad
806 2251 860 2282 vos.

584 2320 623 2363 14.
642 2319 700 2364 Non
716 2319 783 2364 enim
798 2319 868 2374 qussi
881 2332 934 2364 non
946 2333 1004 2377 per-

550 2386 677 2444 tingentes
688 2386 719 2432 ad
731 2399 789 2444 vos,
801 2400 876 2444 super
887 2389 1004 2432 extendi-

549 2467 604 2498 mus
614 2467 662 2498 nos
670 2468 676 2510 3
685 2467 763 2510 usque
773 2453 804 2500 ad
812 2468 857 2499 vos
868 2455 935 2500 enim
946 2469 1004 2512 per-

550 2521 665 2567 venimus
675 2522 702 2566 in
711 2520 855 2579 Evangelio
866 2522 965 2568 Christi.

583 2604 623 2647 15.
642 2603 701 2648 Non
716 2602 742 2646 in
758 2602 905 2646 immensum
923 2602 1004 2658 glori-

549 2672 620 2714 antes
635 2669 662 2713 in
677 2668 768 2713 alienis
778 2667 920 2724 laboribus;
934 2682 1004 2724 spem

549 2738 632 2780 autem
650 2735 771 2780 hahentes
790 2734 927 2780 crescentis
946 2735 1003 2780 tidei

550 2805 649 2848 vestrae
655 2833 662 2860 ,
677 2801 704 2846 iu
715 2801 787 2846 vobis
797 2800 951 2858 magnificari
961 2816 1003 2848 se-

571 2918 587 2936 ¹¹¹
597 2915 607 2947 1
618 2910 663 2947 Cor.
674 2914 692 2952 1,
702 2912 731 2946 12.
756 2916 770 2935 ⁸
780 2913 851 2952 c.3,1.

114 3060 171 3114 Cap.
188 3059 231 3101 lx.
262 3064 295 3102 14.
312 3066 335 3102 et
349 3063 449 3115 ipsorum
465 3061 621 3104 observatione
632 3059 694 3114 (sic).
739 3059 769 3101 X.
801 3063 820 3102 1.
837 3062 873 3114 qui
884 3060 999 3103 infaciem

57 3117 146 3170 quidem
159 3115 250 3156 humilis
261 3118 321 3158 inter
330 3131 369 3158 vos
380 3119 452 3170 (deest
461 3117 528 3170 suns).

559 3122 579 3158 2.
595 3117 656 3168 llopo
667 3123 740 3158 antem
751 3130 779 3158 ue
791 3119 862 3170 (deest
871 3119 935 3170 vos);
946 3116 998 3159 iliu.

58 3173 96 3226 qui
106 3172 246 3214 arbitrantur
255 3177 278 3213 et
291 3177 402 3226 tamquam
418 3174 539 3214 secundum
555 3186 644 3214 carnem
660 3170 798 3214 ambulemus
810 3174 850 3224 (et,
862 3186 900 3214 ear
909 3178 961 3215 crmt
971 3174 999 3214 uh

56 3228 106 3270 clr'u
116 3241 187 3269 rnanu
196 3226 299 3283 tantique.
329 3228 398 3270 Prior
411 3227 472 3270 enim
486 3229 601 3284 scriptura
610 3227 728 3270 intercidit
738 3229 765 3270 ab
774 3227 886 3283 secernere
897 3228 921 3270 in
931 3242 999 3270 mern·

56 3282 332 3340 hrenu,frroilloforsan
343 3285 447 3327 lucernae
458 3287 570 3340 delapsa).
600 3288 621 3326 1.
638 3298 681 3325 non
691 3282 791 3324 carnalia
802 3284 839 3324 sed
848 3287 919 3336 (deest
928 3289 998 3328 suntl-

57 3345 77 3381 1.
96 3341 114 3382 si
133 3342 183 3392 quis
199 3340 296 3380 errnlirlct
334 3344 354 3382 9.
371 3356 412 3395 prr
427 3341 545 3394 epistulas.
576 3345 609 3382 10.
626 3337 998 3392 epistrrlae3ihiri.etfortislrr'c).

59 3402 92 3437 tl.
109 3409 150 3449 per·
169 3394 287 3448 epistulas
325 3401 357 3436 13.
379 3395 526 3446 gloriabimur
545 3395 665 3438 secundum
687 3396 756 3442 (deest
776 3396 844 3448 sed),
861 3394 915 3438 iliu.
935 3410 999 3448 qnam

58 3465 149 3494 mensus
157 3457 204 3498 est;
214 3450 269 3493 ihirr.
282 3451 343 3493 Dens
354 3453 497 3507 pertinuerit
508 3465 576 3504 nsque
587 3453 657 3504 (deest
667 3453 811 3498 mensuram).
