2206 3880
131 155 215 202 xvul
366 154 636 199 cornmnN'rA'rro
664 153 873 198 lsnooclcn.

133 285 239 342 tuende
252 295 281 340 et
294 285 429 340 Instituta
443 283 591 340 doctorum
605 287 734 341 virorum
747 286 824 341 oculi
837 287 869 342 in
880 283 957 340 huuc
971 285 1070 340 librum

134 370 259 442 conjecti
273 377 347 422 sunt.
377 366 458 432 Quod
471 368 586 442 quidem
598 368 707 424 duabus
720 369 879 424 rationibus
893 367 1070 424 manifestum

134 460 185 506 eut.
227 447 358 508 Primum
376 451 452 505 enim
470 469 507 505 ex
526 451 603 506 bulla
620 451 765 525 pontificis
789 451 991 507 celeberrimae
1018 451 1070 505 edi-

136 535 209 590 tioni
220 535 377 608 praemissa
388 533 574 609 intelligitur,
580 531 689 589 Romae
701 543 763 589 tum
776 536 948 590 vetustiores
964 534 1071 589 codices

134 617 224 673 fuisse
239 623 407 690 congestos,
431 625 460 670 et
479 617 515 672 ad
529 619 738 672 correctionem
751 625 837 692 atque
851 617 1071 672 emendationem

135 709 231 754 textus
250 700 334 754 latini
354 697 430 753 hand
450 700 509 754 levi
527 701 706 776 negligentia
732 701 912 756 saeculorum
931 700 1071 774 depravati

136 790 323 856 comparatos.
366 779 413 836 En
426 791 492 837 tene
505 782 607 839 verba:
672 797 673 802 ’

199 862 258 935 „In
275 864 330 920 hac
348 872 444 919 autem
462 867 593 941 germani
610 875 707 924 textus
724 867 985 942 pervestigatione,
1010 866 1070 920 satis

134 950 284 1022 perspicue
307 949 384 1002 inter
401 965 499 1004 omnes
519 957 646 1020 constat,
675 951 786 1005 nullum
803 957 1070 1025 argumentantem

136 1033 242 1086 certius
257 1048 291 1086 ac
303 1030 430 1100 firmine,
452 1049 538 1106 quam
551 1033 734 1107 antiquorum
746 1032 987 1106 probaturumque
1002 1031 1069 1086 codi-

136 1133 200 1169 cum
214 1111 384 1170 Latinorum
400 1113 501 1185 fidem,
520 1133 590 1190 quos
612 1123 672 1172 tam
689 1117 842 1189 impressos
860 1133 945 1190 quam
958 1111 1028 1169 Mss.
1043 1131 1069 1167 er

134 1194 322 1254 Bibliothecis
335 1198 424 1254 variis
439 1197 647 1272 conquirendos
663 1200 826 1254 curavimus
840 1199 917 1252 etc.“
949 1195 1069 1251 Alterum

134 1290 348 1357 argumentum,
363 1297 401 1334 ex
415 1299 470 1354 quo
484 1282 666 1353 perspicuum
681 1289 741 1347 est,
761 1290 860 1337 nostro
875 1280 973 1336 codice
987 1281 1019 1334 in
1033 1297 1069 1334 ca-

135 1363 267 1440 stigando
286 1365 377 1418 latino
396 1370 480 1418 textu
499 1381 565 1418 usos
588 1363 692 1436 luisse,
713 1365 864 1419 inventum
877 1363 964 1418 estin
977 1380 1069 1418 monu-

135 1455 230 1502 mento
251 1445 418 1515 chartaceo,
435 1445 510 1521 quod
521 1447 552 1500 in
573 1447 706 1503 interiori
727 1455 893 1522 tegumento
906 1446 974 1500 libri
988 1445 1069 1500 adhuc

135 1531 253 1604 legitur,
268 1530 315 1584 vel
328 1530 360 1582 in
374 1526 540 1604 epigraphe,
555 1547 639 1604 quam
652 1532 723 1584 meis
736 1531 828 1584 oculis
840 1529 912 1599 vidi,
926 1527 971 1583 his
984 1530 1070 1584 verbis

135 1613 241 1668 italicis
260 1613 382 1684 scripta:
417 1609 462 1666 Lu
478 1620 621 1687 presente
645 1611 733 1668 Bitia
756 1631 774 1667 α
798 1613 831 1668 di
855 1613 901 1666 12.
925 1611 958 1669 di
975 1609 1070 1689 Luglio

137 1696 224 1752 1587.
245 1695 289 1767 fn
307 1702 438 1770 porteto
459 1692 511 1750 ull*
533 1691 741 1750 Illustre'aoe'mo
770 1691 931 1750 Gordinele
956 1691 1069 1751 Antonio

136 1776 256 1849 Gerasa
263 1795 322 1854 per
337 1777 445 1854 l‘opero
464 1775 529 1833 dell'
551 1777 754 1834 emendacione
773 1776 852 1834 delle
866 1774 955 1832 Bitia
968 1773 1069 1831 Latino

132 1859 271 1938 vulgato,
285 1877 344 1936 per
357 1859 460 1916 ordine
474 1860 506 1915 di
519 1856 551 1916 S.
565 1859 689 1916 Sentitci
702 1857 787 1915 Sixto
807 1856 837 1912 V.
850 1861 881 1914 in
895 1856 1000 1928 Romo,
1015 1878 1029 1913 e
1035 1856 1069 1928 su

134 1944 293 2000 restituite
307 1941 363 1998 olli
380 1941 423 1996 19.
439 1943 471 2000 di
487 1939 625 1998 Gennoro
641 1941 728 1998 1590.
743 1940 799 1996 ulli
811 1939 980 1998 Reuerendo*
994 1937 1025 1996 P.
1039 1938 1069 1996 D.

133 2022 277 2082 Marcello
295 2023 392 2081 Venne'
410 2036 439 2082 et
453 2024 520 2081 Don
534 2023 662 2096 Stefana
677 2022 808 2080 Pinnette'
824 2020 946 2078 Monuni
969 2023 1002 2078 di
1018 2019 1070 2078 Mo·

134 2119 255 2164 nestero
278 2110 310 2164 di
330 2102 362 2164 S.
376 2107 534 2165 salvatore
558 2109 588 2162 in
604 2103 812 2162 Montanium.
854 2102 891 2160 Jo
905 2104 1019 2161 Acturo
1033 2105 1069 2172 de'

137 2189 223 2246 Conci
236 2192 262 2246 d'
276 2188 350 2244 Elei.
393 2188 421 2244 Ιι
441 2191 490 2263 qui
508 2205 613 2244 nomen
630 2189 813 2262 subscripsit,
835 2185 935 2243 Comes
958 2186 1070 2246 deliine

135 2271 237 2348 Magni
251 2270 387 2327 Etruriae
401 2270 493 2330 Ducis
507 2268 535 2325 h.
548 2279 677 2344 ternpore
691 2271 727 2326 ad
740 2268 901 2326 Romanum
914 2270 1070 2344 pontificem

135 2357 248 2431 legatus
262 2354 352 2410 fuisse
365 2355 491 2424 videtur,
507 2357 590 2427 cujus
604 2356 770 2410 interventu
791 2354 882 2409 codex
901 2373 917 2431 e
936 2363 1070 2408 monaste·

134 2440 178 2494 rio
193 2435 329 2492 Etruriae
342 2439 373 2492 in
385 2437 485 2493 urbem
497 2445 643 2492 aeternam
656 2446 784 2493 venerat.
827 2435 870 2492 Ibi
882 2455 933 2510 per
946 2445 1006 2491 tres
1020 2437 1070 2492 fere

136 2539 227 2576 annos
252 2520 347 2575 iuerat
364 2528 495 2576 servatus
511 2527 540 2573 et
552 2537 603 2593 pro
619 2520 744 2576 subsidio
757 2520 895 2594 primario
915 2520 1017 2574 critico
1031 2517 1070 2572 ad-

134 2603 244 2660 bibitus
267 2603 304 2658 ad
326 2603 557 2659 emendationem
584 2620 744 2678 novamque
765 2604 963 2658 recensionem
983 2610 1070 2656 textus

135 2689 227 2744 latini.
271 2684 445 2758 Praeerant,
467 2687 583 2760 auspice
596 2685 732 2760 pontifice
750 2681 800 2764 l),
826 2682 956 2762 Angelus
971 2683 1070 2742 Roccn

204 2852 230 2908 1)
250 2851 341 2896 δίαιται
355 2851 384 2896 V.
396 2851 516 2898 dedecori
526 2852 599 2898 duxit
608 2851 732 2898 ecclesiae
740 2852 884 2907 Romanae,
895 2849 1001 2896 latinam
1016 2861 1070 2908 „ve-

135 2917 258 2964 ritatem“
267 2921 351 2964 textus
362 2919 455 2978 biblici,
467 2933 530 2976 quae
541 2921 643 2966 concilii
654 2920 800 2966 Tridentnr
808 2919 919 2964 decretr'a
930 2917 1070 2964 auctoritate

137 2988 299 3030 sacrosancte
308 2986 405 3032 munita
414 2989 510 3046 luerat,
526 3001 572 3046 per
583 2987 714 3034 decursum
725 2986 885 3032 soeculorum
895 2985 922 3030 in
931 2987 971 3030 tot
980 2983 1070 3036 menda,

136 3053 164 3097 in
178 3055 273 3098 tuntum
286 3052 367 3098 labem
384 3057 409 3098 et
423 3055 593 3112 corruptelam
608 3055 735 3100 incidisse.
771 3053 857 3106 Quare
873 3052 1004 3112 dignitatis
1020 3061 1070 3096 sune

136 3119 283 3176 pontificiae
298 3131 354 3166 esse
368 3121 478 3177 cenruit,
492 3121 559 3167 bunc
574 3124 666 3168 statum
678 3135 764 3168 rerum
778 3121 926 3168 biblitanum
937 3119 1070 3170 emendare,

136 3187 255 3234 remediIs
266 3187 431 3244 undequaque
442 3189 579 3234 advocatis.
609 3191 696 3246 ltaque
706 3202 760 3234 non
770 3189 853 3234 solum
863 3187 1001 3244 collegium
1011 3186 1070 3230 viro·

137 3267 194 3300 rum
204 3253 335 3300 doctorum
345 3256 452 3301 hocine
463 3256 629 3314 convocavit,
647 3257 692 3304 sed
706 3257 807 3314 singula
817 3256 893 3304 etiarn
903 3253 1023 3300 editionis
1033 3253 1070 3297 in-

138 3334 242 3378 prenae
252 3320 315 3366 folio
324 3322 378 3380 ipse
390 3323 517 3382 correxit,
532 3323 649 3370 doctrine
663 3324 723 3370 uatis
733 3323 863 3380 excultus,
882 3333 956 3378 quam
970 3321 1071 3366 editione

140 3399 244 3444 operum
253 3387 383 3436 Ambrosii
390 3395 450 3448 tum,
462 3404 538 3447 quum
547 3389 652 3438 haberet
661 3403 755 3437 nomen
765 3393 790 3436 et
801 3388 948 3450 dignitatem
959 3387 1071 3434 Cardlun-

138 3453 170 3500 lie
180 3455 209 3502 de
220 3454 358 3517 Montulto,
368 3457 510 3505 luculenter
520 3459 648 3514 probaret.
