<?xml version="1.0" encoding="UTF-8"?>
<!DOCTYPE html PUBLIC "-//W3C//DTD XHTML 1.0 Transitional//EN"
    "http://www.w3.org/TR/xhtml1/DTD/xhtml1-transitional.dtd">
<html xmlns="http://www.w3.org/1999/xhtml" xml:lang="en" lang="en">
 <head>
  <title>
</title>
<meta http-equiv="Content-Type" content="text/html;charset=utf-8" />
  <meta name='ocr-system' content='tesseract 3.04.00' />
  <meta name='ocr-capabilities' content='ocr_page ocr_carea ocr_par ocr_line ocrx_word'/>
</head>
<body>
  <div class='ocr_page' id='page_1' title='image "./novumtestamentu00flecgoog/novumtestamentu00flecgoog_0016.png"; bbox 0 0 2206 3880; ppageno 0'>
   <div class='ocr_carea' id='block_1_1' title="bbox 145 134 885 186">
    <p class='ocr_par' dir='ltr' id='par_1_1' title="bbox 145 134 885 186">
     <span class='ocr_line' id='line_1_1' title="bbox 145 134 885 186; baseline -0.014 0"><span class='ocrx_word' id='word_1_1' title='bbox 145 141 202 186; x_wconf 84' lang='lat' dir='ltr'><strong>VIiI</strong></span> <span class='ocrx_word' id='word_1_2' title='bbox 380 134 649 182; x_wconf 70' lang='lat' dir='ltr'><strong>communnsu’lo</strong></span> <span class='ocrx_word' id='word_1_3' title='bbox 677 134 885 179; x_wconf 76' lang='lat' dir='ltr'><strong>lsscoclcs.</strong></span> 
     </span>
    </p>
   </div>
   <div class='ocr_carea' id='block_1_2' title="bbox 145 253 1093 1835">
    <p class='ocr_par' dir='ltr' id='par_1_2' title="bbox 145 253 1093 1835">
     <span class='ocr_line' id='line_1_2' title="bbox 145 253 1089 342; baseline -0.007 -14"><span class='ocrx_word' id='word_1_4' title='bbox 145 291 208 328; x_wconf 89' lang='lat' dir='ltr'><strong>csse</strong></span> <span class='ocrx_word' id='word_1_5' title='bbox 222 267 370 326; x_wconf 77' lang='lat' dir='ltr'><strong>contendit</strong></span> <span class='ocrx_word' id='word_1_6' title='bbox 384 264 504 323; x_wconf 81' lang='lat' dir='ltr'><strong>Codices</strong></span> <span class='ocrx_word' id='word_1_7' title='bbox 518 283 637 342; x_wconf 81' lang='lat' dir='ltr'><strong>graecos</strong></span> <span class='ocrx_word' id='word_1_8' title='bbox 651 267 773 340; x_wconf 89' lang='lat' dir='ltr'><strong>optimos</strong></span> <span class='ocrx_word' id='word_1_9' title='bbox 787 274 932 321; x_wconf 85' lang='lat' dir='ltr'><strong>vetustate</strong></span> <span class='ocrx_word' id='word_1_10' title='bbox 946 253 1089 322; x_wconf 78' lang='lat' dir='ltr'><strong>venerari</strong></span> 
     </span>
     <span class='ocr_line' id='line_1_3' title="bbox 146 347 1089 424; baseline -0.006 -14"><span class='ocrx_word' id='word_1_11' title='bbox 146 357 204 410; x_wconf 92' lang='lat' dir='ltr'><strong>dos.</strong></span> <span class='ocrx_word' id='word_1_12' title='bbox 240 351 453 408; x_wconf 77' lang='lat' dir='ltr'><strong>Lucunsnuus</strong></span> <span class='ocrx_word' id='word_1_13' title='bbox 468 347 678 420; x_wconf 78' lang='lat' dir='ltr'><strong>Berobnensis,</strong></span> <span class='ocrx_word' id='word_1_14' title='bbox 691 351 741 424; x_wconf 88' lang='lat' dir='ltr'><strong>qui</strong></span> <span class='ocrx_word' id='word_1_15' title='bbox 754 349 881 404; x_wconf 79' lang='lat' dir='ltr'><strong>codicem</strong></span> <span class='ocrx_word' id='word_1_16' title='bbox 895 351 1003 404; x_wconf 83' lang='lat' dir='ltr'><strong>aetatis</strong></span> <span class='ocrx_word' id='word_1_17' title='bbox 1018 351 1089 404; x_wconf 85' lang='lat' dir='ltr'><strong>mul</strong></span> 
     </span>
     <span class='ocr_line' id='line_1_4' title="bbox 145 429 1085 506; baseline -0.007 -13"><span class='ocrx_word' id='word_1_18' title='bbox 145 448 174 493; x_wconf 89' lang='lat' dir='ltr'><strong>to</strong></span> <span class='ocrx_word' id='word_1_19' title='bbox 188 431 519 504; x_wconf 76' lang='lat' dir='ltr'><strong>interioris‚Fu1‹lenscm</strong></span> <span class='ocrx_word' id='word_1_20' title='bbox 533 431 673 506; x_wconf 85' lang='lat' dir='ltr'><strong>quendam</strong></span> <span class='ocrx_word' id='word_1_21' title='bbox 687 450 760 487; x_wconf 85' lang='lat' dir='ltr'><strong>saec.</strong></span> <span class='ocrx_word' id='word_1_22' title='bbox 769 431 890 487; x_wconf 82' lang='lat' dir='ltr'><strong>forsitan</strong></span> <span class='ocrx_word' id='word_1_23' title='bbox 903 429 958 486; x_wconf 87' lang='lat' dir='ltr'><strong>IX.</strong></span> <span class='ocrx_word' id='word_1_24' title='bbox 970 450 1036 487; x_wconf 90' lang='lat' dir='ltr'><strong>non</strong></span> <span class='ocrx_word' id='word_1_25' title='bbox 1054 435 1085 486; x_wconf 92' lang='lat' dir='ltr'><strong>in</strong></span> 
     </span>
     <span class='ocr_line' id='line_1_5' title="bbox 146 463 1090 596; baseline -0.006 -22"><span class='ocrx_word' id='word_1_26' title='bbox 146 521 264 596; x_wconf 79' lang='lat' dir='ltr'><strong>dignum</strong></span> <span class='ocrx_word' id='word_1_27' title='bbox 275 517 466 591; x_wconf 84' lang='lat' dir='ltr'><strong>judicaverat,</strong></span> <span class='ocrx_word' id='word_1_28' title='bbox 481 533 518 569; x_wconf 84' lang='lat' dir='ltr'><strong>ex</strong></span> <span class='ocrx_word' id='word_1_29' title='bbox 531 533 586 589; x_wconf 92' lang='lat' dir='ltr'><strong>quo</strong></span> <span class='ocrx_word' id='word_1_30' title='bbox 601 523 713 569; x_wconf 83' lang='lat' dir='ltr'><strong>textum</strong></span> <span class='ocrx_word' id='word_1_31' title='bbox 726 516 846 569; x_wconf 89' lang='lat' dir='ltr'><strong>latinum</strong></span> <span class='ocrx_word' id='word_1_32' title='bbox 860 515 1017 590; x_wconf 89' lang='lat' dir='ltr'><strong>aliquando</strong></span> <span class='ocrx_word' id='word_1_33' title='bbox 1038 463 1090 576; x_wconf 70' lang='lat' dir='ltr'><strong>edii</strong></span> 
     </span>
     <span class='ocr_line' id='line_1_6' title="bbox 145 597 1090 673; baseline -0.006 -14"><span class='ocrx_word' id='word_1_34' title='bbox 145 614 226 658; x_wconf 88' lang='lat' dir='ltr'><strong>turus</strong></span> <span class='ocrx_word' id='word_1_35' title='bbox 242 607 328 670; x_wconf 89' lang='lat' dir='ltr'><strong>esset,</strong></span> <span class='ocrx_word' id='word_1_36' title='bbox 339 606 437 654; x_wconf 91' lang='lat' dir='ltr'><strong>nostro</strong></span> <span class='ocrx_word' id='word_1_37' title='bbox 449 599 574 671; x_wconf 89' lang='lat' dir='ltr'><strong>principi</strong></span> <span class='ocrx_word' id='word_1_38' title='bbox 588 597 661 652; x_wconf 92' lang='lat' dir='ltr'><strong>libro</strong></span> <span class='ocrx_word' id='word_1_39' title='bbox 674 597 916 671; x_wconf 87' lang='lat' dir='ltr'><strong>palmam,lubens</strong></span> <span class='ocrx_word' id='word_1_40' title='bbox 929 599 1090 673; x_wconf 69' lang='lat' dir='ltr'><strong>ingenuus]</strong></span> 
     </span>
     <span class='ocr_line' id='line_1_7' title="bbox 147 679 1090 762; baseline -0.004 -22"><span class='ocrx_word' id='word_1_41' title='bbox 147 705 217 762; x_wconf 90' lang='lat' dir='ltr'><strong>que,</strong></span> <span class='ocrx_word' id='word_1_42' title='bbox 242 701 315 758; x_wconf 89' lang='lat' dir='ltr'><strong>quac</strong></span> <span class='ocrx_word' id='word_1_43' title='bbox 336 689 380 736; x_wconf 89' lang='lat' dir='ltr'><strong>est</strong></span> <span class='ocrx_word' id='word_1_44' title='bbox 399 679 522 735; x_wconf 89' lang='lat' dir='ltr'><strong>homiuis</strong></span> <span class='ocrx_word' id='word_1_45' title='bbox 540 682 713 754; x_wconf 87' lang='lat' dir='ltr'><strong>praestantis</strong></span> <span class='ocrx_word' id='word_1_46' title='bbox 732 689 852 752; x_wconf 78' lang='lat' dir='ltr'><strong>namra,</strong></span> <span class='ocrx_word' id='word_1_47' title='bbox 877 689 959 736; x_wconf 87' lang='lat' dir='ltr'><strong>recto</strong></span> <span class='ocrx_word' id='word_1_48' title='bbox 977 682 1090 755; x_wconf 80' lang='lat' dir='ltr'><strong>judicii</strong></span> 
     </span>
     <span class='ocr_line' id='line_1_8' title="bbox 147 761 1090 840; baseline -0.003 -17"><span class='ocrx_word' id='word_1_49' title='bbox 147 768 297 823; x_wconf 73' lang='lat' dir='ltr'><strong>concessit.</strong></span> <span class='ocrx_word' id='word_1_50' title='bbox 339 761 381 819; x_wconf 89' lang='lat' dir='ltr'><strong>Hi</strong></span> <span class='ocrx_word' id='word_1_51' title='bbox 399 782 468 819; x_wconf 84' lang='lat' dir='ltr'><strong>vero</strong></span> <span class='ocrx_word' id='word_1_52' title='bbox 492 763 604 818; x_wconf 89' lang='lat' dir='ltr'><strong>codices</strong></span> <span class='ocrx_word' id='word_1_53' title='bbox 617 761 759 840; x_wconf 81' lang='lat' dir='ltr'><strong>Vulgatac</strong></span> <span class='ocrx_word' id='word_1_54' title='bbox 773 765 896 836; x_wconf 86' lang='lat' dir='ltr'><strong>latinae,</strong></span> <span class='ocrx_word' id='word_1_55' title='bbox 917 766 1014 840; x_wconf 89' lang='lat' dir='ltr'><strong>quiin</strong></span> <span class='ocrx_word' id='word_1_56' title='bbox 1035 785 1090 820; x_wconf 51' lang='lat' dir='ltr'><strong>rno-¹</strong></span> 
     </span>
     <span class='ocr_line' id='line_1_9' title="bbox 145 832 1091 924; baseline -0.003 -19"><span class='ocrx_word' id='word_1_57' title='bbox 145 849 280 906; x_wconf 80' lang='lat' dir='ltr'><strong>nestoriis</strong></span> <span class='ocrx_word' id='word_1_58' title='bbox 308 848 541 924; x_wconf 82' lang='lat' dir='ltr'><strong>congregationis</strong></span> <span class='ocrx_word' id='word_1_59' title='bbox 560 843 813 902; x_wconf 86' lang='lat' dir='ltr'><strong>Benedictinorum</strong></span> <span class='ocrx_word' id='word_1_60' title='bbox 837 849 959 922; x_wconf 87' lang='lat' dir='ltr'><strong>aliisque</strong></span> <span class='ocrx_word' id='word_1_61' title='bbox 986 832 1091 920; x_wconf 66' lang='lat' dir='ltr'><strong>latenti</strong></span> 
     </span>
     <span class='ocr_line' id='line_1_10' title="bbox 146 929 1091 1008; baseline 0 -20"><span class='ocrx_word' id='word_1_62' title='bbox 146 935 293 1008; x_wconf 78' lang='lat' dir='ltr'><strong>eleganter</strong></span> <span class='ocrx_word' id='word_1_63' title='bbox 313 930 459 1005; x_wconf 82' lang='lat' dir='ltr'><strong>nitideque</strong></span> <span class='ocrx_word' id='word_1_64' title='bbox 477 931 593 1002; x_wconf 88' lang='lat' dir='ltr'><strong>scripti,</strong></span> <span class='ocrx_word' id='word_1_65' title='bbox 618 947 688 1005; x_wconf 83' lang='lat' dir='ltr'><strong>quos</strong></span> <span class='ocrx_word' id='word_1_66' title='bbox 713 929 775 986; x_wconf 81' lang='lat' dir='ltr'><strong>vidi</strong></span> <span class='ocrx_word' id='word_1_67' title='bbox 792 931 947 1003; x_wconf 88' lang='lat' dir='ltr'><strong>plurimos,</strong></span> <span class='ocrx_word' id='word_1_68' title='bbox 974 931 1012 986; x_wconf 91' lang='lat' dir='ltr'><strong>ad</strong></span> <span class='ocrx_word' id='word_1_69' title='bbox 1034 937 1091 990; x_wconf 83' lang='lat' dir='ltr'><strong>reu</strong></span> 
     </span>
     <span class='ocr_line' id='line_1_11' title="bbox 147 1012 1091 1088; baseline -0.002 -17"><span class='ocrx_word' id='word_1_70' title='bbox 147 1018 277 1071; x_wconf 82' lang='lat' dir='ltr'><strong>criticam</strong></span> <span class='ocrx_word' id='word_1_71' title='bbox 291 1015 333 1068; x_wconf 86' lang='lat' dir='ltr'><strong>ita</strong></span> <span class='ocrx_word' id='word_1_72' title='bbox 347 1021 414 1068; x_wconf 82' lang='lat' dir='ltr'><strong>aunt</strong></span> <span class='ocrx_word' id='word_1_73' title='bbox 426 1014 515 1082; x_wconf 82' lang='lat' dir='ltr'><strong>leves,</strong></span> <span class='ocrx_word' id='word_1_74' title='bbox 530 1021 559 1066; x_wconf 92' lang='lat' dir='ltr'><strong>et</strong></span> <span class='ocrx_word' id='word_1_75' title='bbox 572 1021 684 1083; x_wconf 89' lang='lat' dir='ltr'><strong>tenues,</strong></span> <span class='ocrx_word' id='word_1_76' title='bbox 698 1012 872 1088; x_wconf 78' lang='lat' dir='ltr'><strong>eandemque</strong></span> <span class='ocrx_word' id='word_1_77' title='bbox 882 1013 1007 1067; x_wconf 82' lang='lat' dir='ltr'><strong>formam</strong></span> <span class='ocrx_word' id='word_1_78' title='bbox 1029 1024 1091 1069; x_wconf 66' lang='lat' dir='ltr'><strong>tex-¹</strong></span> 
     </span>
     <span class='ocr_line' id='line_1_12' title="bbox 145 1094 1091 1172; baseline 0 -19"><span class='ocrx_word' id='word_1_79' title='bbox 145 1109 192 1154; x_wconf 90' lang='lat' dir='ltr'><strong>tus</strong></span> <span class='ocrx_word' id='word_1_80' title='bbox 209 1099 252 1152; x_wconf 88' lang='lat' dir='ltr'><strong>ita</strong></span> <span class='ocrx_word' id='word_1_81' title='bbox 270 1104 433 1152; x_wconf 77' lang='lat' dir='ltr'><strong>constanter</strong></span> <span class='ocrx_word' id='word_1_82' title='bbox 446 1113 515 1170; x_wconf 87' lang='lat' dir='ltr'><strong>prae</strong></span> <span class='ocrx_word' id='word_1_83' title='bbox 529 1114 559 1150; x_wconf 88' lang='lat' dir='ltr'><strong>se</strong></span> <span class='ocrx_word' id='word_1_84' title='bbox 571 1094 684 1166; x_wconf 85' lang='lat' dir='ltr'><strong>ferunt,</strong></span> <span class='ocrx_word' id='word_1_85' title='bbox 706 1104 739 1151; x_wconf 92' lang='lat' dir='ltr'><strong>ut</strong></span> <span class='ocrx_word' id='word_1_86' title='bbox 751 1114 820 1151; x_wconf 85' lang='lat' dir='ltr'><strong>rere</strong></span> <span class='ocrx_word' id='word_1_87' title='bbox 838 1095 896 1151; x_wconf 88' lang='lat' dir='ltr'><strong>dici</strong></span> <span class='ocrx_word' id='word_1_88' title='bbox 912 1098 1022 1170; x_wconf 86' lang='lat' dir='ltr'><strong>possit,</strong></span> <span class='ocrx_word' id='word_1_89' title='bbox 1049 1099 1091 1172; x_wconf 89' lang='lat' dir='ltr'><strong>qui</strong></span> 
     </span>
     <span class='ocr_line' id='line_1_13' title="bbox 145 1177 1088 1254; baseline -0.003 -17"><span class='ocrx_word' id='word_1_90' title='bbox 145 1199 234 1237; x_wconf 88' lang='lat' dir='ltr'><strong>unum</strong></span> <span class='ocrx_word' id='word_1_91' title='bbox 246 1179 363 1251; x_wconf 82' lang='lat' dir='ltr'><strong>viderit,</strong></span> <span class='ocrx_word' id='word_1_92' title='bbox 377 1180 455 1233; x_wconf 90' lang='lat' dir='ltr'><strong>mille</strong></span> <span class='ocrx_word' id='word_1_93' title='bbox 468 1177 590 1250; x_wconf 82' lang='lat' dir='ltr'><strong>vidisse3</strong></span> <span class='ocrx_word' id='word_1_94' title='bbox 610 1179 659 1254; x_wconf 91' lang='lat' dir='ltr'><strong>qui</strong></span> <span class='ocrx_word' id='word_1_95' title='bbox 672 1180 751 1233; x_wconf 90' lang='lat' dir='ltr'><strong>mille</strong></span> <span class='ocrx_word' id='word_1_96' title='bbox 763 1178 879 1248; x_wconf 86' lang='lat' dir='ltr'><strong>viderit,</strong></span> <span class='ocrx_word' id='word_1_97' title='bbox 892 1196 990 1233; x_wconf 88' lang='lat' dir='ltr'><strong>unum.</strong></span> <span class='ocrx_word' id='word_1_98' title='bbox 1015 1177 1088 1236; x_wconf 86' lang='lat' dir='ltr'><strong>Sunt</strong></span> 
     </span>
     <span class='ocr_line' id='line_1_14' title="bbox 145 1257 1088 1338; baseline -0.002 -18"><span class='ocrx_word' id='word_1_99' title='bbox 145 1273 242 1320; x_wconf 85' lang='lat' dir='ltr'><strong>autern</strong></span> <span class='ocrx_word' id='word_1_100' title='bbox 255 1281 330 1319; x_wconf 87' lang='lat' dir='ltr'><strong>saec.</strong></span> <span class='ocrx_word' id='word_1_101' title='bbox 342 1259 396 1316; x_wconf 88' lang='lat' dir='ltr'><strong>XI.</strong></span> <span class='ocrx_word' id='word_1_102' title='bbox 410 1257 476 1315; x_wconf 91' lang='lat' dir='ltr'>XII.</span> <span class='ocrx_word' id='word_1_103' title='bbox 492 1257 585 1331; x_wconf 84' lang='lat' dir='ltr'>XIII,</span> <span class='ocrx_word' id='word_1_104' title='bbox 599 1263 707 1316; x_wconf 80' lang='lat' dir='ltr'><strong>attalia</strong></span> <span class='ocrx_word' id='word_1_105' title='bbox 726 1261 846 1332; x_wconf 87' lang='lat' dir='ltr'><strong>indolis,</strong></span> <span class='ocrx_word' id='word_1_106' title='bbox 865 1269 894 1315; x_wconf 90' lang='lat' dir='ltr'><strong>et</strong></span> <span class='ocrx_word' id='word_1_107' title='bbox 910 1260 1044 1338; x_wconf 79' lang='lat' dir='ltr'><strong>figurae,</strong></span> <span class='ocrx_word' id='word_1_108' title='bbox 1064 1273 1088 1318; x_wconf 85' lang='lat' dir='ltr'><strong>nt</strong></span> 
     </span>
     <span class='ocr_line' id='line_1_15' title="bbox 145 1341 1092 1419; baseline -0.002 -17"><span class='ocrx_word' id='word_1_109' title='bbox 145 1349 219 1402; x_wconf 87' lang='lat' dir='ltr'><strong>mira</strong></span> <span class='ocrx_word' id='word_1_110' title='bbox 237 1348 280 1401; x_wconf 84' lang='lat' dir='ltr'><strong>&#39;sit</strong></span> <span class='ocrx_word' id='word_1_111' title='bbox 303 1344 499 1419; x_wconf 77' lang='lat' dir='ltr'><strong>aequabilitas.</strong></span> <span class='ocrx_word' id='word_1_112' title='bbox 542 1341 610 1399; x_wconf 81' lang='lat' dir='ltr'><strong>lure</strong></span> <span class='ocrx_word' id='word_1_113' title='bbox 633 1353 729 1399; x_wconf 88' lang='lat' dir='ltr'><strong>nutem</strong></span> <span class='ocrx_word' id='word_1_114' title='bbox 754 1353 884 1399; x_wconf 84' lang='lat' dir='ltr'><strong>nostrum</strong></span> <span class='ocrx_word' id='word_1_115' title='bbox 906 1343 1041 1400; x_wconf 86' lang='lat' dir='ltr'><strong>codicem</strong></span> <span class='ocrx_word' id='word_1_116' title='bbox 1065 1349 1092 1400; x_wconf 67' lang='lat' dir='ltr'><strong>in*</strong></span> 
     </span>
     <span class='ocr_line' id='line_1_16' title="bbox 146 1423 1086 1504; baseline -0.001 -20"><span class='ocrx_word' id='word_1_117' title='bbox 146 1430 282 1504; x_wconf 86' lang='lat' dir='ltr'><strong>primario</strong></span> <span class='ocrx_word' id='word_1_118' title='bbox 294 1427 419 1485; x_wconf 85' lang='lat' dir='ltr'><strong>subsidio</strong></span> <span class='ocrx_word' id='word_1_119' title='bbox 432 1423 578 1498; x_wconf 86' lang='lat' dir='ltr'><strong>habemus,</strong></span> <span class='ocrx_word' id='word_1_120' title='bbox 588 1425 625 1481; x_wconf 89' lang='lat' dir='ltr'><strong>ad</strong></span> <span class='ocrx_word' id='word_1_121' title='bbox 636 1429 835 1482; x_wconf 87' lang='lat' dir='ltr'><strong>recensionem</strong></span> <span class='ocrx_word' id='word_1_122' title='bbox 847 1425 902 1481; x_wconf 91' lang='lat' dir='ltr'><strong>hoc</strong></span> <span class='ocrx_word' id='word_1_123' title='bbox 916 1429 1037 1483; x_wconf 90' lang='lat' dir='ltr'><strong>nomine</strong></span> <span class='ocrx_word' id='word_1_124' title='bbox 1054 1429 1086 1484; x_wconf 89' lang='lat' dir='ltr'><strong>di·</strong></span> 
     </span>
     <span class='ocr_line' id='line_1_17' title="bbox 146 1509 1085 1590; baseline 0 -24"><span class='ocrx_word' id='word_1_125' title='bbox 146 1530 234 1590; x_wconf 84' lang='lat' dir='ltr'><strong>gnam</strong></span> <span class='ocrx_word' id='word_1_126' title='bbox 247 1509 451 1584; x_wconf 82' lang='lat' dir='ltr'><strong>exercendam3</strong></span> <span class='ocrx_word' id='word_1_127' title='bbox 470 1510 565 1564; x_wconf 87' lang='lat' dir='ltr'><strong>nullus</strong></span> <span class='ocrx_word' id='word_1_128' title='bbox 580 1512 657 1564; x_wconf 90' lang='lat' dir='ltr'><strong>enim</strong></span> <span class='ocrx_word' id='word_1_129' title='bbox 670 1511 816 1584; x_wconf 86' lang='lat' dir='ltr'><strong>antiquior</strong></span> <span class='ocrx_word' id='word_1_130' title='bbox 829 1518 883 1580; x_wconf 88' lang='lat' dir='ltr'><strong>est,</strong></span> <span class='ocrx_word' id='word_1_131' title='bbox 897 1511 993 1566; x_wconf 90' lang='lat' dir='ltr'><strong>nullus</strong></span> <span class='ocrx_word' id='word_1_132' title='bbox 1008 1514 1085 1568; x_wconf 84' lang='lat' dir='ltr'><strong>testi-</strong></span> 
     </span>
     <span class='ocr_line' id='line_1_18' title="bbox 146 1591 1086 1670; baseline -0.001 -21"><span class='ocrx_word' id='word_1_133' title='bbox 146 1595 251 1650; x_wconf 89' lang='lat' dir='ltr'><strong>moniis</strong></span> <span class='ocrx_word' id='word_1_134' title='bbox 263 1592 411 1648; x_wconf 86' lang='lat' dir='ltr'><strong>historicis</strong></span> <span class='ocrx_word' id='word_1_135' title='bbox 426 1601 454 1647; x_wconf 91' lang='lat' dir='ltr'><strong>et</strong></span> <span class='ocrx_word' id='word_1_136' title='bbox 467 1591 563 1647; x_wconf 86' lang='lat' dir='ltr'><strong>indole</strong></span> <span class='ocrx_word' id='word_1_137' title='bbox 576 1609 627 1647; x_wconf 87' lang='lat' dir='ltr'><strong>sua</strong></span> <span class='ocrx_word' id='word_1_138' title='bbox 640 1593 797 1666; x_wconf 87' lang='lat' dir='ltr'><strong>probatior.</strong></span> <span class='ocrx_word' id='word_1_139' title='bbox 840 1592 922 1658; x_wconf 80' lang='lat' dir='ltr'><strong>Quod</strong></span> <span class='ocrx_word' id='word_1_140' title='bbox 933 1602 982 1664; x_wconf 88' lang='lat' dir='ltr'><strong>ut,</strong></span> <span class='ocrx_word' id='word_1_141' title='bbox 1008 1597 1086 1670; x_wconf 89' lang='lat' dir='ltr'><strong>quale</strong></span> 
     </span>
     <span class='ocr_line' id='line_1_19' title="bbox 147 1673 1093 1760; baseline 0 -28"><span class='ocrx_word' id='word_1_142' title='bbox 147 1679 203 1746; x_wconf 83' lang='lat' dir='ltr'><strong>ait,</strong></span> <span class='ocrx_word' id='word_1_143' title='bbox 225 1678 326 1731; x_wconf 83' lang='lat' dir='ltr'><strong>melius</strong></span> <span class='ocrx_word' id='word_1_144' title='bbox 339 1677 545 1749; x_wconf 81' lang='lat' dir='ltr'><strong>perspicietur,</strong></span> <span class='ocrx_word' id='word_1_145' title='bbox 563 1673 686 1730; x_wconf 85' lang='lat' dir='ltr'><strong>historia</strong></span> <span class='ocrx_word' id='word_1_146' title='bbox 704 1679 766 1750; x_wconf 87' lang='lat' dir='ltr'><strong>ejus</strong></span> <span class='ocrx_word' id='word_1_147' title='bbox 780 1676 908 1732; x_wconf 82' lang='lat' dir='ltr'><strong>breviter</strong></span> <span class='ocrx_word' id='word_1_148' title='bbox 922 1675 1093 1760; x_wconf 43' lang='lat' dir='ltr'><strong>delineanda1</strong></span> 
     </span>
     <span class='ocr_line' id='line_1_20' title="bbox 147 1756 1093 1835; baseline 0.001 -21"><span class='ocrx_word' id='word_1_149' title='bbox 147 1769 202 1829; x_wconf 90' lang='lat' dir='ltr'><strong>cst,</strong></span> <span class='ocrx_word' id='word_1_150' title='bbox 217 1761 247 1814; x_wconf 91' lang='lat' dir='ltr'><strong>in</strong></span> <span class='ocrx_word' id='word_1_151' title='bbox 261 1777 317 1835; x_wconf 88' lang='lat' dir='ltr'><strong>qua</strong></span> <span class='ocrx_word' id='word_1_152' title='bbox 329 1778 362 1814; x_wconf 90' lang='lat' dir='ltr'><strong>re</strong></span> <span class='ocrx_word' id='word_1_153' title='bbox 375 1767 404 1814; x_wconf 91' lang='lat' dir='ltr'><strong>et</strong></span> <span class='ocrx_word' id='word_1_154' title='bbox 417 1756 597 1814; x_wconf 78' lang='lat' dir='ltr'><strong>Bauntnruu</strong></span> <span class='ocrx_word' id='word_1_155' title='bbox 610 1759 629 1814; x_wconf 87' lang='lat' dir='ltr'><strong>l.</strong></span> <span class='ocrx_word' id='word_1_156' title='bbox 645 1778 669 1813; x_wconf 88' lang='lat' dir='ltr'><strong>c.</strong></span> <span class='ocrx_word' id='word_1_157' title='bbox 684 1767 713 1813; x_wconf 91' lang='lat' dir='ltr'><strong>et</strong></span> <span class='ocrx_word' id='word_1_158' title='bbox 726 1767 825 1814; x_wconf 84' lang='lat' dir='ltr'><strong>nostra</strong></span> <span class='ocrx_word' id='word_1_159' title='bbox 838 1777 997 1834; x_wconf 86' lang='lat' dir='ltr'><strong>sequemur.</strong></span> <span class='ocrx_word' id='word_1_160' title='bbox 1092 1769 1093 1788; x_wconf 74' lang='lat'><em>³</em></span> 
     </span>
    </p>
   </div>
   <div class='ocr_carea' id='block_1_3' title="bbox 146 2119 1083 2190">
    <p class='ocr_par' dir='ltr' id='par_1_3' title="bbox 146 2119 1083 2190">
     <span class='ocr_line' id='line_1_21' title="bbox 146 2119 1083 2190; baseline 0.001 -7"><span class='ocrx_word' id='word_1_161' title='bbox 146 2119 187 2184; x_wconf 90' lang='lat'><strong>11.</strong></span> <span class='ocrx_word' id='word_1_162' title='bbox 220 2121 372 2185; x_wconf 78' lang='lat' dir='ltr'><strong>Historia</strong></span> <span class='ocrx_word' id='word_1_163' title='bbox 389 2133 529 2186; x_wconf 70' lang='lat' dir='ltr'><strong>externo</strong></span> <span class='ocrx_word' id='word_1_164' title='bbox 543 2123 662 2185; x_wconf 78' lang='lat' dir='ltr'><strong>codicis</strong></span> <span class='ocrx_word' id='word_1_165' title='bbox 675 2132 711 2186; x_wconf 89' lang='lat' dir='ltr'><strong>et</strong></span> <span class='ocrx_word' id='word_1_166' title='bbox 721 2131 910 2188; x_wconf 78' lang='lat' dir='ltr'><strong>monosterii</strong></span> <span class='ocrx_word' id='word_1_167' title='bbox 920 2123 1083 2190; x_wconf 78' lang='lat' dir='ltr'><strong>Ams&#39;utim&#39;.</strong></span> 
     </span>
    </p>
   </div>
   <div class='ocr_carea' id='block_1_4' title="bbox 145 2257 1085 3499">
    <p class='ocr_par' dir='ltr' id='par_1_4' title="bbox 145 2257 1085 3499">
     <span class='ocr_line' id='line_1_22' title="bbox 210 2257 1085 2338; baseline 0.005 -25"><span class='ocrx_word' id='word_1_168' title='bbox 210 2257 298 2316; x_wconf 85' lang='lat' dir='ltr'><strong>Liber</strong></span> <span class='ocrx_word' id='word_1_169' title='bbox 322 2275 409 2315; x_wconf 88' lang='lat' dir='ltr'><strong>manu</strong></span> <span class='ocrx_word' id='word_1_170' title='bbox 435 2261 558 2334; x_wconf 88' lang='lat' dir='ltr'><strong>scriptus</strong></span> <span class='ocrx_word' id='word_1_171' title='bbox 583 2260 725 2336; x_wconf 87' lang='lat' dir='ltr'><strong>quondam</strong></span> <span class='ocrx_word' id='word_1_172' title='bbox 741 2262 918 2332; x_wconf 87' lang='lat' dir='ltr'><strong>Amiatiuus,</strong></span> <span class='ocrx_word' id='word_1_173' title='bbox 944 2265 994 2338; x_wconf 88' lang='lat' dir='ltr'><strong>qu&#39;i</strong></span> <span class='ocrx_word' id='word_1_174' title='bbox 1016 2283 1085 2319; x_wconf 85' lang='lat' dir='ltr'><strong>nunc</strong></span> 
     </span>
     <span class='ocr_line' id='line_1_23' title="bbox 148 2342 1083 2416; baseline 0.002 -18"><span class='ocrx_word' id='word_1_175' title='bbox 148 2351 282 2399; x_wconf 83' lang='lat' dir='ltr'><strong>servatur</strong></span> <span class='ocrx_word' id='word_1_176' title='bbox 302 2343 380 2398; x_wconf 89' lang='lat' dir='ltr'><strong>inter</strong></span> <span class='ocrx_word' id='word_1_177' title='bbox 392 2345 616 2416; x_wconf 87' lang='lat' dir='ltr'><strong>pretiosissimos</strong></span> <span class='ocrx_word' id='word_1_178' title='bbox 631 2342 750 2400; x_wconf 84' lang='lat' dir='ltr'><strong>Codices</strong></span> <span class='ocrx_word' id='word_1_179' title='bbox 764 2344 955 2401; x_wconf 87' lang='lat' dir='ltr'><strong>bibliothocae</strong></span> <span class='ocrx_word' id='word_1_180' title='bbox 969 2344 1083 2403; x_wconf 86' lang='lat' dir='ltr'><strong>Floren-</strong></span> 
     </span>
     <span class='ocr_line' id='line_1_24' title="bbox 146 2423 1084 2504; baseline 0 -23"><span class='ocrx_word' id='word_1_181' title='bbox 146 2429 226 2481; x_wconf 90' lang='lat' dir='ltr'><strong>tinae</strong></span> <span class='ocrx_word' id='word_1_182' title='bbox 244 2423 470 2496; x_wconf 70' lang='lat' dir='ltr'><strong>laurentianae,</strong></span> <span class='ocrx_word' id='word_1_183' title='bbox 490 2445 561 2500; x_wconf 89' lang='lat' dir='ltr'><strong>quos</strong></span> <span class='ocrx_word' id='word_1_184' title='bbox 580 2437 687 2483; x_wconf 85' lang='lat' dir='ltr'><strong>vocant</strong></span> <span class='ocrx_word' id='word_1_185' title='bbox 704 2427 870 2483; x_wconf 82' lang='lat' dir='ltr'><strong>thesaurum</strong></span> <span class='ocrx_word' id='word_1_186' title='bbox 884 2424 1030 2504; x_wconf 76' lang='lat' dir='ltr'><strong>(teucro),</strong></span> <span class='ocrx_word' id='word_1_187' title='bbox 1051 2441 1084 2484; x_wconf 86' lang='lat' dir='ltr'><strong>cst</strong></span> 
     </span>
     <span class='ocr_line' id='line_1_25' title="bbox 147 2508 1083 2586; baseline 0.001 -22"><span class='ocrx_word' id='word_1_188' title='bbox 147 2510 291 2564; x_wconf 79' lang='lat' dir='ltr'><strong>maximae</strong></span> <span class='ocrx_word' id='word_1_189' title='bbox 309 2509 393 2564; x_wconf 83' lang='lat' dir='ltr'><strong>molis</strong></span> <span class='ocrx_word' id='word_1_190' title='bbox 407 2508 646 2586; x_wconf 86' lang='lat' dir='ltr'><strong>admirandaequc</strong></span> <span class='ocrx_word' id='word_1_191' title='bbox 659 2510 861 2586; x_wconf 88' lang='lat' dir='ltr'><strong>pulcritudinis</strong></span> <span class='ocrx_word' id='word_1_192' title='bbox 876 2520 905 2565; x_wconf 90' lang='lat' dir='ltr'><strong>ct</strong></span> <span class='ocrx_word' id='word_1_193' title='bbox 918 2513 1083 2586; x_wconf 79' lang='lat' dir='ltr'><strong>elegantiae,</strong></span> 
     </span>
     <span class='ocr_line' id='line_1_26' title="bbox 148 2591 1083 2669; baseline 0.003 -23"><span class='ocrx_word' id='word_1_194' title='bbox 148 2594 281 2667; x_wconf 87' lang='lat' dir='ltr'><strong>interque</strong></span> <span class='ocrx_word' id='word_1_195' title='bbox 295 2610 355 2661; x_wconf 82' lang='lat' dir='ltr'><strong>eoa,</strong></span> <span class='ocrx_word' id='word_1_196' title='bbox 364 2593 414 2667; x_wconf 90' lang='lat' dir='ltr'><strong>qui</strong></span> <span class='ocrx_word' id='word_1_197' title='bbox 426 2609 463 2646; x_wconf 84' lang='lat' dir='ltr'><strong>cx</strong></span> <span class='ocrx_word' id='word_1_198' title='bbox 475 2593 800 2649; x_wconf 77' lang='lat' dir='ltr'><strong>monasteriodmiatino</strong></span> <span class='ocrx_word' id='word_1_199' title='bbox 815 2596 846 2648; x_wconf 90' lang='lat' dir='ltr'><strong>in</strong></span> <span class='ocrx_word' id='word_1_200' title='bbox 854 2591 978 2669; x_wconf 81' lang='lat' dir='ltr'><strong>RegIam</strong></span> <span class='ocrx_word' id='word_1_201' title='bbox 988 2595 1083 2650; x_wconf 92' lang='lat' dir='ltr'><strong>biblio-</strong></span> 
     </span>
     <span class='ocr_line' id='line_1_27' title="bbox 147 2674 1083 2751; baseline 0.001 -21"><span class='ocrx_word' id='word_1_202' title='bbox 147 2674 262 2730; x_wconf 87' lang='lat' dir='ltr'><strong>thecam</strong></span> <span class='ocrx_word' id='word_1_203' title='bbox 275 2682 434 2746; x_wconf 88' lang='lat' dir='ltr'><strong>vcneruut,</strong></span> <span class='ocrx_word' id='word_1_204' title='bbox 455 2675 568 2731; x_wconf 87' lang='lat' dir='ltr'><strong>codices</strong></span> <span class='ocrx_word' id='word_1_205' title='bbox 582 2685 690 2750; x_wconf 87' lang='lat' dir='ltr'><strong>scptcm</strong></span> <span class='ocrx_word' id='word_1_206' title='bbox 703 2678 826 2751; x_wconf 90' lang='lat' dir='ltr'><strong>primum</strong></span> <span class='ocrx_word' id='word_1_207' title='bbox 839 2677 990 2734; x_wconf 87' lang='lat' dir='ltr'><strong>verissimo</strong></span> <span class='ocrx_word' id='word_1_208' title='bbox 1005 2679 1083 2733; x_wconf 87' lang='lat' dir='ltr'><strong>meri-</strong></span> 
     </span>
     <span class='ocr_line' id='line_1_28' title="bbox 146 2757 1083 2832; baseline 0.001 -20"><span class='ocrx_word' id='word_1_209' title='bbox 146 2767 177 2813; x_wconf 94' lang='lat' dir='ltr'><strong>to</strong></span> <span class='ocrx_word' id='word_1_210' title='bbox 197 2777 249 2813; x_wconf 90' lang='lat' dir='ltr'><strong>suo</strong></span> <span class='ocrx_word' id='word_1_211' title='bbox 270 2759 366 2814; x_wconf 86' lang='lat' dir='ltr'><strong>locum</strong></span> <span class='ocrx_word' id='word_1_212' title='bbox 387 2767 518 2832; x_wconf 90' lang='lat' dir='ltr'><strong>occupat.</strong></span> <span class='ocrx_word' id='word_1_213' title='bbox 561 2757 615 2814; x_wconf 83' lang='lat' dir='ltr'><strong>Eat</strong></span> <span class='ocrx_word' id='word_1_214' title='bbox 642 2762 719 2815; x_wconf 90' lang='lat' dir='ltr'><strong>enim</strong></span> <span class='ocrx_word' id='word_1_215' title='bbox 746 2762 823 2814; x_wconf 89' lang='lat' dir='ltr'><strong>inter</strong></span> <span class='ocrx_word' id='word_1_216' title='bbox 846 2761 951 2816; x_wconf 86' lang='lat' dir='ltr'><strong>latinos</strong></span> <span class='ocrx_word' id='word_1_217' title='bbox 971 2759 1083 2818; x_wconf 83' lang='lat' dir='ltr'><strong>Codices</strong></span> 
     </span>
     <span class='ocr_line' id='line_1_29' title="bbox 146 2839 1082 2914; baseline 0.001 -19"><span class='ocrx_word' id='word_1_218' title='bbox 146 2840 267 2896; x_wconf 89' lang='lat' dir='ltr'><strong>biblicos</strong></span> <span class='ocrx_word' id='word_1_219' title='bbox 281 2858 340 2896; x_wconf 93' lang='lat' dir='ltr'><strong>non</strong></span> <span class='ocrx_word' id='word_1_220' title='bbox 354 2841 446 2896; x_wconf 85' lang='lat' dir='ltr'><strong>solum</strong></span> <span class='ocrx_word' id='word_1_221' title='bbox 460 2839 613 2912; x_wconf 88' lang='lat' dir='ltr'><strong>Etruriae,</strong></span> <span class='ocrx_word' id='word_1_222' title='bbox 631 2860 690 2899; x_wconf 90' lang='lat' dir='ltr'><strong>non</strong></span> <span class='ocrx_word' id='word_1_223' title='bbox 702 2843 795 2898; x_wconf 89' lang='lat' dir='ltr'><strong>solum</strong></span> <span class='ocrx_word' id='word_1_224' title='bbox 808 2841 924 2914; x_wconf 88' lang='lat' dir='ltr'><strong>Italiae,</strong></span> <span class='ocrx_word' id='word_1_225' title='bbox 939 2845 989 2900; x_wconf 91' lang='lat' dir='ltr'><strong>sed</strong></span> <span class='ocrx_word' id='word_1_226' title='bbox 1002 2848 1082 2901; x_wconf 90' lang='lat' dir='ltr'><strong>totius</strong></span> 
     </span>
     <span class='ocr_line' id='line_1_30' title="bbox 146 2920 1082 2996; baseline 0.004 -19"><span class='ocrx_word' id='word_1_227' title='bbox 146 2920 280 2996; x_wconf 87' lang='lat' dir='ltr'><strong>Europac</strong></span> <span class='ocrx_word' id='word_1_228' title='bbox 301 2931 330 2978; x_wconf 89' lang='lat' dir='ltr'><strong>et</strong></span> <span class='ocrx_word' id='word_1_229' title='bbox 347 2926 463 2980; x_wconf 91' lang='lat' dir='ltr'><strong>omnino</strong></span> <span class='ocrx_word' id='word_1_230' title='bbox 483 2925 670 2981; x_wconf 87' lang='lat' dir='ltr'><strong>occidentalis</strong></span> <span class='ocrx_word' id='word_1_231' title='bbox 692 2926 831 2984; x_wconf 86' lang='lat' dir='ltr'><strong>ccclesiae</strong></span> <span class='ocrx_word' id='word_1_232' title='bbox 850 2925 928 2982; x_wconf 87' lang='lat' dir='ltr'><strong>haud</strong></span> <span class='ocrx_word' id='word_1_233' title='bbox 943 2927 1028 2984; x_wconf 86' lang='lat' dir='ltr'><strong>dubie</strong></span> <span class='ocrx_word' id='word_1_234' title='bbox 1042 2947 1082 2983; x_wconf 85' lang='lat' dir='ltr'><strong>ve·</strong></span> 
     </span>
     <span class='ocr_line' id='line_1_31' title="bbox 146 3007 1082 3084; baseline 0.005 -25"><span class='ocrx_word' id='word_1_235' title='bbox 146 3007 342 3077; x_wconf 88' lang='lat' dir='ltr'><strong>tustissimus,</strong></span> <span class='ocrx_word' id='word_1_236' title='bbox 371 3014 400 3060; x_wconf 88' lang='lat' dir='ltr'><strong>et</strong></span> <span class='ocrx_word' id='word_1_237' title='bbox 418 3015 452 3064; x_wconf 89' lang='lat' dir='ltr'><strong>ut</strong></span> <span class='ocrx_word' id='word_1_238' title='bbox 471 3007 564 3063; x_wconf 84' lang='lat' dir='ltr'><strong>dicam</strong></span> <span class='ocrx_word' id='word_1_239' title='bbox 581 3009 657 3084; x_wconf 91' lang='lat' dir='ltr'><strong>quod</strong></span> <span class='ocrx_word' id='word_1_240' title='bbox 677 3010 814 3080; x_wconf 85' lang='lat' dir='ltr'><strong>sentiam,</strong></span> <span class='ocrx_word' id='word_1_241' title='bbox 839 3012 1007 3084; x_wconf 84' lang='lat' dir='ltr'><strong>paucissimi</strong></span> <span class='ocrx_word' id='word_1_242' title='bbox 1024 3014 1082 3066; x_wconf 85' lang='lat' dir='ltr'><strong>iton</strong></span> 
     </span>
     <span class='ocr_line' id='line_1_32' title="bbox 147 3088 1081 3167; baseline 0.005 -25"><span class='ocrx_word' id='word_1_243' title='bbox 147 3090 246 3165; x_wconf 79' lang='lat' dir='ltr'><strong>graeci</strong></span> <span class='ocrx_word' id='word_1_244' title='bbox 260 3088 328 3144; x_wconf 90' lang='lat' dir='ltr'><strong>libri</strong></span> <span class='ocrx_word' id='word_1_245' title='bbox 342 3091 543 3162; x_wconf 85' lang='lat' dir='ltr'><strong>invenientur,</strong></span> <span class='ocrx_word' id='word_1_246' title='bbox 564 3093 657 3167; x_wconf 87' lang='lat' dir='ltr'><strong>quise</strong></span> <span class='ocrx_word' id='word_1_247' title='bbox 671 3093 698 3147; x_wconf 89' lang='lat' dir='ltr'><strong>ei</strong></span> <span class='ocrx_word' id='word_1_248' title='bbox 710 3093 758 3148; x_wconf 86' lang='lat' dir='ltr'><strong>vel</strong></span> <span class='ocrx_word' id='word_1_249' title='bbox 769 3101 893 3166; x_wconf 88' lang='lat' dir='ltr'><strong>aequent</strong></span> <span class='ocrx_word' id='word_1_250' title='bbox 904 3095 951 3148; x_wconf 84' lang='lat' dir='ltr'><strong>vol</strong></span> <span class='ocrx_word' id='word_1_251' title='bbox 965 3113 1031 3148; x_wconf 88' lang='lat' dir='ltr'><strong>eum</strong></span> <span class='ocrx_word' id='word_1_252' title='bbox 1043 3111 1081 3148; x_wconf 88' lang='lat' dir='ltr'><strong>su-</strong></span> 
     </span>
     <span class='ocr_line' id='line_1_33' title="bbox 145 3171 1082 3247; baseline 0.003 -22"><span class='ocrx_word' id='word_1_253' title='bbox 145 3179 249 3246; x_wconf 89' lang='lat' dir='ltr'><strong>pcrcnt</strong></span> <span class='ocrx_word' id='word_1_254' title='bbox 267 3173 449 3247; x_wconf 86' lang='lat' dir='ltr'><strong>antiquitate.</strong></span> <span class='ocrx_word' id='word_1_255' title='bbox 493 3171 630 3230; x_wconf 92' lang='lat' dir='ltr'><strong>Continet</strong></span> <span class='ocrx_word' id='word_1_256' title='bbox 643 3173 733 3230; x_wconf 90' lang='lat' dir='ltr'><strong>Vetus</strong></span> <span class='ocrx_word' id='word_1_257' title='bbox 752 3183 781 3229; x_wconf 89' lang='lat' dir='ltr'><strong>et</strong></span> <span class='ocrx_word' id='word_1_258' title='bbox 793 3173 907 3232; x_wconf 82' lang='lat' dir='ltr'><strong>Novum</strong></span> <span class='ocrx_word' id='word_1_259' title='bbox 921 3173 1082 3232; x_wconf 87' lang='lat' dir='ltr'><strong>Testamen-</strong></span> 
     </span>
     <span class='ocr_line' id='line_1_34' title="bbox 148 3255 1082 3332; baseline -0.001 -22"><span class='ocrx_word' id='word_1_260' title='bbox 148 3266 211 3310; x_wconf 87' lang='lat' dir='ltr'><strong>tum</strong></span> <span class='ocrx_word' id='word_1_261' title='bbox 224 3255 389 3330; x_wconf 74' lang='lat' dir='ltr'><strong>intcgnrm,</strong></span> <span class='ocrx_word' id='word_1_262' title='bbox 407 3258 550 3313; x_wconf 83' lang='lat' dir='ltr'><strong>versionis</strong></span> <span class='ocrx_word' id='word_1_263' title='bbox 565 3255 825 3332; x_wconf 85' lang='lat' dir='ltr'><strong>Hieronymianac,</strong></span> <span class='ocrx_word' id='word_1_264' title='bbox 842 3259 922 3312; x_wconf 74' lang='lat' dir='ltr'><strong>nulla</strong></span> <span class='ocrx_word' id='word_1_265' title='bbox 935 3260 1053 3329; x_wconf 74' lang='lat' dir='ltr'><strong>lacuna,</strong></span> <span class='ocrx_word' id='word_1_266' title='bbox 1071 3275 1082 3309; x_wconf 86' lang='lat' dir='ltr'><strong>a</strong></span> 
     </span>
     <span class='ocr_line' id='line_1_35' title="bbox 147 3336 1082 3418; baseline 0.002 -28"><span class='ocrx_word' id='word_1_267' title='bbox 147 3339 241 3411; x_wconf 89' lang='lat' dir='ltr'><strong>primo</strong></span> <span class='ocrx_word' id='word_1_268' title='bbox 262 3339 356 3412; x_wconf 88' lang='lat' dir='ltr'><strong>eapite</strong></span> <span class='ocrx_word' id='word_1_269' title='bbox 377 3336 524 3394; x_wconf 80' lang='lat' dir='ltr'><strong>Genercos</strong></span> <span class='ocrx_word' id='word_1_270' title='bbox 543 3341 579 3394; x_wconf 87' lang='lat' dir='ltr'><strong>ad</strong></span> <span class='ocrx_word' id='word_1_271' title='bbox 598 3349 757 3394; x_wconf 89' lang='lat' dir='ltr'><strong>extremum</strong></span> <span class='ocrx_word' id='word_1_272' title='bbox 777 3348 862 3412; x_wconf 85' lang='lat' dir='ltr'><strong>caput</strong></span> <span class='ocrx_word' id='word_1_273' title='bbox 882 3339 1082 3418; x_wconf 76' lang='lat' dir='ltr'><strong>Apocalypseos</strong></span> 
     </span>
     <span class='ocr_line' id='line_1_36' title="bbox 147 3419 1082 3499; baseline 0.003 -27"><span class='ocrx_word' id='word_1_274' title='bbox 147 3419 263 3495; x_wconf 78' lang='lat' dir='ltr'><strong>integre</strong></span> <span class='ocrx_word' id='word_1_275' title='bbox 276 3431 433 3494; x_wconf 85' lang='lat' dir='ltr'><strong>servatum,</strong></span> <span class='ocrx_word' id='word_1_276' title='bbox 443 3422 518 3498; x_wconf 90' lang='lat' dir='ltr'><strong>quod</strong></span> <span class='ocrx_word' id='word_1_277' title='bbox 533 3441 618 3498; x_wconf 88' lang='lat' dir='ltr'><strong>quam</strong></span> <span class='ocrx_word' id='word_1_278' title='bbox 630 3440 695 3478; x_wconf 85' lang='lat' dir='ltr'><strong>raro</strong></span> <span class='ocrx_word' id='word_1_279' title='bbox 712 3424 871 3497; x_wconf 78' lang='lat' dir='ltr'><strong>contingat,</strong></span> <span class='ocrx_word' id='word_1_280' title='bbox 882 3435 989 3479; x_wconf 88' lang='lat' dir='ltr'><strong>norunt</strong></span> <span class='ocrx_word' id='word_1_281' title='bbox 997 3425 1082 3499; x_wconf 84' lang='lat' dir='ltr'><strong>periti.</strong></span> 
     </span>
    </p>
   </div>
   <div class='ocr_carea' id='block_1_5' title="bbox 0 0 1111 3880">
    <p class='ocr_par' dir='ltr' id='par_1_5' title="bbox 0 0 1111 3880">
     <span class='ocr_line' id='line_1_37' title="bbox 0 0 1111 3880; baseline 0 0"><span class='ocrx_word' id='word_1_282' title='bbox 0 0 1111 3880; x_wconf 95' lang='lat' dir='ltr'><strong> </strong></span> 
     </span>
    </p>
   </div>
  </div>
 </body>
</html>
