2206 3880
142 159 251 203 XXXIV
358 151 629 198 cammerinum
657 147 867 194 ramaclus.

145 282 238 363 (quod
254 295 352 342 tamen
366 285 408 340 ihi
427 301 464 338 ne
475 289 570 356 potest
583 280 698 356 quidem
711 273 917 356 demonstrari)
933 277 1080 332 ohscurio-

143 388 205 426 rem
222 370 375 424 lectionem
391 363 609 440 praeferendam
625 381 688 418 esse
702 360 891 436 expeditiori,
909 359 985 434 quod
998 357 1079 432 hujus

144 451 259 528 quidem
275 451 376 520 facile,
400 449 479 504 illius
498 447 587 502 multo
609 445 758 500 difficilius
776 443 919 518 originem
938 449 1079 497 monstra-

142 553 229 590 veris.
244 565 279 574 --

207 613 342 672 Ceterum
373 611 407 666 de
416 613 480 666 loco
498 613 512 665 l
530 609 573 666 Jo.
588 609 618 681 5,
632 611 659 665 7.
673 611 700 665 8.
714 629 731 666 a
744 609 841 667 verbis
855 610 885 664 ia
900 604 977 662 coelo
990 623 1078 681 usque

144 700 181 755 ad
200 700 231 753 ia
250 705 334 752 terro
351 696 393 780 ita
410 703 582 749 conventum
602 702 646 748 est
659 711 676 748 a
689 691 817 749 Somlero
835 686 1079 764 Griasbachs'oque

144 785 220 837 inter
232 781 311 836 viros
326 779 441 833 critices
454 778 572 852 peritos,
581 785 613 831 ut
624 775 710 849 hujus
723 775 882 850 particulae
894 771 1080 845 posteriorem

144 865 319 937 minimeque
341 861 528 934 apostolicam
549 861 693 935 originem
721 857 897 934 argumentis
929 871 1079 926 exponere,

145 946 222 1001 idem
235 946 274 1000 sit
289 961 323 999 ac
336 952 402 1018 post
415 940 572 998 Homerum
587 941 712 997 scribere
725 939 852 996 lliadem.
896 935 955 993 Sed
971 935 1027 990 hoc
1038 945 1080 990 ta-

145 1045 211 1083 men
230 1025 265 1080 de
280 1025 372 1081 nihilo
390 1043 448 1080 non
463 1033 521 1095 est,
540 1043 628 1100 quum
643 1023 689 1080 his
702 1024 798 1080 verbis
814 1028 910 1076 careat
922 1026 1023 1074 noster
1036 1039 1079 1074 co-

146 1111 213 1180 dex,
228 1110 341 1164 saeculo
355 1107 403 1163 Vl.
414 1126 442 1183 p.
458 1105 524 1162 Chr.
539 1115 688 1176 exaratus,
702 1106 769 1161 inde
782 1122 889 1160 novum
901 1101 1014 1176 pondus
1028 1101 1078 1156 dis·

145 1190 341 1268 putationibus
355 1191 390 1246 de
403 1189 552 1246 authentia
565 1189 718 1245 verborum
730 1187 861 1264 negando
873 1183 1021 1240 accedere.

208 1273 268 1331 Sed
286 1274 358 1329 haee
375 1273 521 1330 sufficiant
543 1273 687 1346 exempla,
706 1271 877 1328 aliis'facile
891 1266 1039 1343 augenda,
1059 1267 1078 1320 si

146 1358 229 1414 nohis
247 1354 303 1411 hoc
320 1357 499 1431 propositum
520 1355 638 1425 fuisset,
655 1357 771 1428 plenum
780 1353 996 1428 perfectumque
1010 1367 1078 1404 com-

147 1441 320 1496 mentarium
340 1440 473 1494 criticum
496 1445 582 1512 atque
604 1439 786 1514 exegeticum
805 1434 851 1490 his
869 1433 1079 1510 Prolegomenis

149 1523 242 1578 edere.
279 1521 362 1586 Quod
376 1539 393 1576 a
407 1522 527 1576 consilio
541 1520 676 1576 editionis
689 1521 830 1576 manualis
844 1517 927 1573 debet
939 1535 1003 1572 esse
1018 1517 1080 1571 alie-

149 1623 227 1660 num.
269 1602 329 1660 Sed
342 1605 392 1680 qui
405 1623 439 1658 aa
451 1611 579 1674 utentur,
591 1601 644 1658 hos
658 1602 828 1678 sperandum
841 1609 895 1670 est,
910 1599 946 1655 ad
958 1598 1032 1654 haee
1044 1608 1080 1652 ta-

150 1689 190 1742 lia
201 1704 259 1742 non
271 1705 358 1762 aegre
370 1686 515 1742 redituros
530 1703 600 1742 esse.
637 1685 700 1742 Jam
714 1703 802 1762 quum
815 1685 889 1738 alius
903 1700 961 1738 non
975 1683 1015 1738 sit
1028 1689 1080 1736 toto

150 1770 219 1825 orbe
231 1772 347 1845 cognito
362 1768 398 1824 ad
410 1768 486 1824 hunc
500 1768 576 1824 diem
588 1767 674 1843 hujus
684 1768 828 1826 versionis
840 1765 931 1821 codex
943 1766 1081 1840 antiquior

150 1861 179 1907 et
199 1854 392 1926 praestantior
407 1849 452 1930 ¹),
477 1869 511 1906 co
529 1861 647 1928 regatur
667 1861 696 1907 et
715 1849 967 1907 circumscribatur
988 1849 1081 1902 critica

150 1936 272 1991 facultas
293 1943 323 1990 et
344 1954 391 1990 ars
408 1937 440 1990 in
457 1937 547 1991 latino
564 1944 647 1993 textu
665 1932 833 1990 exercenda.
877 1928 998 1986 Codices
1014 1931 1081 1984 enim

151 2019 256 2092 plebeJi
271 2017 428 2095 Vulgatoc,
443 2021 571 2094 quisunt
584 2019 743 2088 innumeri,
761 2025 794 2070 ut
806 2015 933 2070 militum
944 2031 1031 2089 saga,
1050 2013 1080 2067 si-

150 2103 232 2157 miles
247 2101 303 2157 sihi
316 2121 378 2157 esse
392 2103 493 2156 solent.
510 2133 546 2143 —

212 2181 365 2253 DiximuS,
390 2183 445 2239 hoc
458 2182 531 2238 libro
551 2183 757 2258 manuscripto
780 2181 885 2236 multas
903 2179 1008 2248 bonas,
1033 2180 1080 2232 imo

152 2265 284 2340 egregias
298 2267 436 2320 lectiones
451 2267 575 2335 serrari,
593 2267 731 2342 perutiles
743 2264 779 2320 ad
792 2263 890 2340 graeci
903 2270 1002 2316 textus
1012 2263 1080 2318 veri-

151 2355 241 2402 tatem
257 2347 459 2402 inveuiendam
476 2355 505 2402 ot
523 2347 737 2419 stabiliendam,
759 2356 787 2402 et
800 2347 890 2401 multo
904 2346 1024 2418 majoris
1037 2343 1081 2400 hoo

151 2437 367 2484 monumentum
387 2447 450 2484 esse
466 2429 643 2501 iaciendum,
667 2450 752 2506 quam
771 2429 948 2484 recentiores
976 2427 1080 2482 codices

152 2511 280 2588 graecos.
323 2509 390 2566 Non
402 2531 515 2582 vereor,
531 2530 568 2567 ne
583 2515 742 2570 sententiae
758 2511 868 2569 veritas
887 2510 973 2566 dubia
992 2510 1080 2565 video

151 2603 208 2650 tur.
252 2592 326 2650 Nam
338 2603 451 2650 textum
461 2597 603 2652 versionis
618 2605 744 2666 constat,
763 2603 888 2650 testante
901 2591 1079 2668 Hieronymo,

152 2678 261 2734 factum
275 2695 337 2733 csse
350 2695 388 2732 ex
400 2679 451 2733 illa
462 2680 644 2749 recensione,
663 2687 736 2754 quae
750 2694 824 2733 sace.
838 2675 887 2732 IV.
902 2684 1026 2731 exeunte
1045 2693 1080 2731 or·

152 2761 217 2816 hem
230 2759 419 2816 christianum
432 2761 592 2832 invaserat,
613 2771 642 2816 et
659 2769 823 2834 nuncupata
841 2768 884 2815 est
898 2757 998 2820 inicum
1011 2751 1080 2823 κοινή,

152 2843 240 2898 editio
263 2845 447 2919 pervulgata,
474 2845 639 2900 eommunis.
686 2841 770 2898 Hanc
792 2842 954 2898 emendarit
976 2841 1081 2918 quiden

151 2921 345 3000 Hieronymus
364 2925 528 3000 permultis,
548 2926 599 2982 sed
615 2928 733 2984 minime
754 2926 884 2982 omnihus
898 2925 986 2997 locis3
1015 2921 1080 2980 haud

152 3009 230 3062 enirn
242 3025 333 3082 pauca
345 3009 454 3065 intacta
466 3011 600 3084 reliquit,
617 3018 710 3066 metus
725 3027 826 3080 causa,
844 3025 881 3064 ne
895 3009 926 3062 in
936 3006 1080 3083 reprehen-

153 3091 263 3146 sionem
279 3093 377 3166 populi
393 3093 568 3164 incurreret,
585 3101 619 3148 ut
635 3111 727 3150 novae
746 3093 946 3150 translationis
968 3100 1080 3146 temera

221 3237 248 3297 1)
267 3238 322 3284 Nisi
339 3241 405 3286 forte
421 3241 534 3288 codicem
546 3241 684 3298 Hispaniae
695 3243 881 3290 verdonensem
897 3240 1004 3286 latinum
1017 3238 1081 3288 bibli·

155 3318 210 3348 eum
221 3305 311 3351 eodem
321 3305 378 3352 loco
390 3307 530 3356 habendum
542 3310 685 3368 censueris,
696 3323 770 3366 quem
779 3313 863 3356 tamen
873 3319 948 3354 nemo
961 3307 1081 3356 doctorum

154 3370 284 3493 popppum
303 3373 465 3420 examinavit.
502 3376 539 3422 cf.
553 3375 661 3435 Fencn,
674 3373 928 3438 'wissenschaftliche
944 3374 1020 3424 Ratae
1032 3378 1052 3421 1.
1067 3379 1079 3416 ιι
