2206 3880
147 148 216 192 XLll
294 146 469 191 osonum
493 143 542 188 EX
567 145 669 189 CONC.
697 143 945 190 TmnnNTlNo.

147 275 261 334 rabolae,
272 273 455 332 Ecclesiastes,
467 271 600 321 Canticum
611 273 788 332 canticorum,
804 272 947 332 Sapientia,
962 269 1078 317 Ecclesia-

148 360 226 406 sticus
235 391 242 418 ,
252 359 343 418 lsaias,
358 357 498 404 Hieremias
509 371 565 404 cum
575 358 672 404 llaruch
678 390 686 414 ,
701 357 835 415 Ezechiel,
850 356 950 415 Daniel,
961 355 1077 402 duodecim

148 443 292 502 Prophetae
301 443 424 500 minores,
435 441 523 487 idest:
542 444 618 502 osea,
628 443 700 502 Jodl,
710 444 802 503 Amos,
812 440 919 499 Abdias,
934 439 1028 498 Jonas,
1041 437 1077 482 liii-

150 529 225 574 chess
231 559 239 587 ,
250 528 361 584 Nahum,
371 525 506 574 ilabacoch
512 556 520 584 ,
536 525 694 586 Sophonias,
709 527 842 586 Aggaeus,
853 523 1004 582 zacharias,
1014 522 1078 568 Mala-

150 613 228 670 chias,
240 611 289 656 duo
299 609 519 669 Machabaeorum,
530 611 634 669 primus,
646 613 672 656 et
681 609 815 657 secundus.
851 607 1008 654 Testamenti
1019 606 1077 650 novi:

150 697 258 752 quatuor
267 693 418 752 Evangelia,
429 694 566 740 secundum
575 693 739 752 matthaeum,
750 695 878 751 Marcum,
889 693 998 750 Lucem,
1015 693 1038 736 et
1045 691 1077 734 Ju-

150 793 255 836 annem;
277 779 354 824 Actus
369 777 551 836 Apostolorum
568 792 583 824 a
597 780 666 825 Luca
680 775 846 836 Evangelista
863 775 1016 834 conscripti,
1032 785 1077 830 qua-

151 862 292 908 tuordecim
306 861 439 920 Epistulae
451 862 524 908 Pauli
537 861 668 920 Apostoli:
687 863 719 908 ad
728 863 870 920 Romanos,
886 860 950 908 duae
960 858 993 904 ad
1004 857 1077 903 Corin·

150 947 232 1005 thios,
248 936 279 992 ad
290 946 405 1003 Galatas,
419 945 450 992 ad
461 946 601 1006 Ephesius,
616 947 648 993 ad
662 947 853 1004 Philippenses,
868 943 900 989 ad
915 942 1076 997 colossenses,

151 1031 214 1076 duae
224 1031 255 1076 ad
266 1031 521 1091 Thessalonicenses,
537 1033 600 1078 duae
610 1031 643 1078 ad
652 1029 826 1088 Timotheum,
837 1027 868 1074 ad
879 1026 977 1086 Titum,
993 1025 1024 1072 ad
1033 1023 1075 1070 Phi·

151 1115 286 1174 lemonem,
310 1115 341 1160 ad
355 1116 500 1173 Hebraeos;
528 1116 597 1162 Petri
614 1113 732 1174 Apostoli
749 1114 825 1170 duae,
848 1110 956 1158 Ioannis
976 1107 1075 1168 Apostoli

151 1201 217 1256 tres3
242 1199 331 1246 iacobi
345 1198 462 1258 Apostoli
478 1211 541 1256 una3
564 1199 645 1245 iudae
664 1197 782 1256 Apostoli
801 1209 863 1254 una,
886 1197 912 1241 et
925 1192 1075 1254 Apocalypsis

150 1285 165 1328 J
167 1283 257 1330 οιιιιιιί
267 1283 393 1340 Apostoli.
429 1283 456 1330 Si
467 1283 522 1340 quis
532 1285 615 1328 autem
621 1280 698 1329 libros
705 1283 774 1340 ipsos
784 1280 900 1338 integros
911 1291 967 1325 cnm
977 1278 1075 1324 omnihus

151 1367 203 1414 suis
216 1368 328 1425 partibus
344 1369 419 1424 prout
433 1367 459 1412 in
469 1366 586 1412 Ecclesia
596 1366 731 1414 catholica
743 1365 795 1424 legi
805 1365 1007 1423 consueverunt,
1023 1363 1044 1408 et
1058 1360 1074 1404 iu

153 1451 233 1498 veteri
244 1451 345 1508 vulgata
354 1450 445 1496 Latina
455 1450 567 1497 editione
580 1451 719 1510 habentur,
734 1462 781 1509 pro
797 1449 896 1509 Sacris,
916 1447 942 1494 et
957 1443 1075 1494 canonicis

151 1547 204 1581 non
218 1534 372 1593 susceperit,
388 1539 414 1581 et
427 1535 578 1582 traditiones
592 1535 734 1592 praedictas
751 1535 848 1593 sciens,
862 1535 889 1580 et
902 1531 1014 1591 prudens
1030 1541 1075 1576 con-

150 1619 293 1677 tempserit,
308 1618 441 1666 anathcma
454 1620 495 1666 sit.
530 1621 624 1666 Omnes
638 1619 723 1677 itaque
738 1617 958 1678 intelligensque
969 1615 1052 1662 ordine
1059 1613 1076 1655 et
1088 1611 1089 1618 ’

152 1703 192 1748 via
201 1703 257 1760 ipsa
267 1703 398 1762 synodus,
413 1705 471 1762 post
478 1704 573 1762 jactum
584 1703 642 1750 snei
656 1703 827 1750 confessionis
842 1701 1042 1758 fundamentum,
1053 1696 1075 1740 tii

151 1799 328 1846 progressura,
340 1790 366 1834 et
375 1787 464 1844 quihus
475 1787 631 1846 potissimum
643 1787 840 1847 testimoniis,ac
849 1785 984 1844 praesidiis
995 1785 1021 1831 in
1030 1793 1075 1829 con·

150 1872 278 1918 firmandis
289 1871 455 1933 dogmatibus,
463 1875 488 1920 et
498 1872 670 1919 instaurandis
681 1869 831 1919 inlicclesia
838 1869 960 1930 moribus,
967 1868 1001 1916 sit
1011 1875 1074 1915 usum·

485 2019 761 2070 ...anona-

315 2169 888 2288 ⁴necessum

168 2325 241 2390 DE
276 2323 525 2390 EDITIONE
558 2327 624 2392 ΕΤ
660 2327 759 2394 USU
793 2320 1058 2394 SACRORUM

484 2425 761 2494 LIBRORUM.

199 2527 312 2608 Insuper
326 2547 414 2596 eadem
433 2552 596 2598 sacrosancta
615 2551 734 2614 synodus
752 2551 918 2599 considerans
935 2561 989 2596 non
1007 2553 1073 2607 parum

150 2633 268 2682 utilitatis
278 2631 400 2680 accedere
410 2645 486 2691 posse
495 2633 627 2683 Ecclesiae
637 2637 700 2694 Dei,
720 2636 743 2682 si
757 2649 790 2682 ex
805 2635 921 2682 omnibus
932 2633 1029 2680 Latinis
1037 2625 1074 2674 eli·

151 2720 277 2778 tionibus,
292 2729 356 2775 quae
372 2717 598 2779 circumferuntur,
613 2733 745 2767 sacrorum
759 2719 897 2778 librorum,
912 2729 1032 2776 quaenam
1044 2718 1073 2768 pm

151 2803 296 2850 authentica
305 2801 420 2848 habenda
430 2801 471 2862 sit,
482 2801 636 2862 innotescat,
646 2803 748 2863 statuit,
760 2805 786 2850 et
797 2803 922 2862 declarat,
931 2803 960 2848 ut
970 2802 1029 2848 haee
1038 2797 1074 2853 ipss
1086 2781 1087 2796 ¹

152 2889 232 2947 vetus,
244 2889 270 2933 et
281 2886 382 2944 vulgata
392 2885 483 2946 editio,
499 2899 563 2944 quae
573 2886 653 2946 longo
664 2891 703 2934 tot
712 2885 872 2934 saeculorum
882 2899 930 2933 usu
943 2886 970 2933 in
980 2886 1033 2943 ipsa
1040 2877 1074 2924 Et·

151 2971 229 3018 clesia
238 2972 344 3028 probata
353 2971 405 3029 est,
420 2969 447 3015 in
458 2969 565 3028 publicis
574 2969 741 3031 lectionibus,
757 2971 984 3030 disputationibus,
995 2957 1073 3027 praeli·

149 3055 305 3113 sationibus,
321 3055 346 3100 et
356 3053 560 3112 expositionibus
570 3069 617 3113 pro
627 3055 772 3103 authentica
781 3056 916 3113 habeatur,
939 3056 965 3100 et
978 3054 1005 3100 ut
1018 3051 1072 3097 nemi

151 3139 220 3186 illam
228 3138 338 3196 rejicere
349 3137 440 3194 quovis
451 3131 585 3196 praetextu
594 3139 694 3200 audeat,
707 3131 747 3187 vel
757 3140 909 3199 praesumat.

199 3224 348 3280 Praeterea,
363 3221 396 3268 sd
405 3222 547 3269 aoe'rcenda
556 3223 697 3281 petulantia
713 3224 830 3284 ingenia,
841 3221 969 3282 decernit,
982 3221 1073 3267 athena

150 3319 212 3354 snae
221 3305 371 3365 prudentiae
381 3305 494 3364 innixus,
505 3307 532 3353 in
540 3309 617 3354 rebus
627 3307 700 3367 ndei,
711 3310 737 3354 et
745 3320 845 3354 morum
855 3307 886 3353 ad
896 3303 1074 3354 aedificationem
1085 3327 1086 3370 3

151 3391 282 3438 doctrinae
297 3389 456 3437 Christianae
476 3391 672 3450 pertinentium,
691 3404 789 3437 sacram
810 3391 966 3449 Scripturam
986 3389 1018 3435 ad
1033 3371 1086 3434 eutii

151 3487 240 3523 sensus
260 3477 445 3535 contorquens,
465 3476 556 3522 contra
571 3487 631 3520 eum
644 3487 760 3536 sensum,
780 3489 853 3533 quem
866 3474 961 3533 tenuit,
982 3477 1008 3520 et
1026 3459 1075 3516 tenet
