2206 3880
250 95 521 142 conunursrro
550 99 761 144 sssooo1cr.
918 103 981 148 xxr

37 233 63 284 in
77 229 174 300 capite
187 235 388 284 ornamentum
400 226 490 282 nimbi
505 231 599 284 aurati
612 227 760 300 babentes,
774 231 810 286 ad
819 229 980 290 Salvatoris

36 321 186 385 utrimrque
200 310 276 365 latus
290 311 459 380 excalceati,
471 320 588 366 curvato
606 313 751 386 paulisper
765 332 898 388 corpore,
913 335 980 390 pro·
1074 341 1075 344 ¹

39 402 204 448 sternuntur
216 391 424 462 venerabundi,
440 393 571 448 manibus
586 392 732 470 gestantes
745 395 861 452 baculos
875 415 979 473 argen-
1074 391 1075 452 l

38 488 101 530 teos.
144 473 243 530 Extra
262 476 418 544 circulum,
436 475 467 528 in
485 485 607 550 quatuor
619 479 715 550 pictae
728 479 841 536 tabulae
855 483 981 556 angulis,
1074 465 1075 520 l

39 567 155 634 quatuor
176 565 429 630 repraesentantur
445 555 667 634 Evangelistae,
687 579 752 615 oum
769 561 903 636 symbolis
927 565 981 618 ali-
1074 601 1075 604 =

38 641 105 696 unde
118 642 219 710 notis,
238 639 358 714 pedibus
371 647 479 694 stantes
493 641 595 711 nudis,
617 652 699 698 veste
717 661 751 698 ac
775 642 922 720 chlamyde
935 647 980 701 in·
1074 663 1075 722 p

39 724 94 780 duti
107 723 294 792 versicolori,
308 723 403 778 nimbo
419 731 503 796 caput
515 724 652 780 redimiti.
690 723 917 802 Evangeliorum
928 747 980 784 vo·
1074 747 1075 790 ἕ

40 795 128 862 lumen
151 806 239 862 varia
257 807 400 880 positione
416 823 485 878 prae
503 806 796 880 manibusbabentes,
811 811 981 868 seinvicem
1074 825 1075 852 ³

37 893 191 944 intuentur.
208 917 245 928 -
1074 961 1075 966 Ἰ

92 969 158 1026 Jam
179 971 294 1041 missis,
314 988 386 1046 quae
407 971 443 1026 ad
461 980 611 1028 externam
622 973 745 1030 formum
760 975 867 1030 codicis
882 973 979 1032 Amia-
1074 987 1075 990 ’

38 1056 86 1108 tini
104 1053 260 1108 referenda
279 1062 361 1124 sunt,
385 1055 485 1128 paucis
503 1053 655 1110 dicendum
676 1065 720 1111 est
733 1056 767 1111 de
781 1059 909 1126 vinculo,
923 1077 978 1134 quo
1074 1103 1075 1122 2

40 1139 222 1192 continentur
239 1145 322 1192 vetus
342 1134 415 1191 Itala
439 1145 468 1190 et
485 1139 604 1212 vulgata
625 1135 796 1214 Hieronymi
814 1142 925 1210 versio,
946 1149 979 1198 ut

38 1217 116 1289 bueo,
143 1220 242 1295 qualis
262 1220 301 1273 sit
319 1219 453 1291 ponderis
474 1221 506 1274 in
528 1220 613 1276 rebus
634 1223 754 1291 criticis,
778 1224 977 1296 perspicietur.

39 1301 165 1378 Vestigia
198 1303 395 1357 translationis
413 1300 504 1356 Italae
529 1311 597 1358 ante
621 1301 831 1379 Hieronymum
856 1305 979 1360 tendunt

40 1384 172 1460 usquead
187 1383 276 1440 finem
289 1403 363 1440 saec.
376 1382 412 1439 ll.
427 1393 456 1438 et
468 1385 584 1440 initimn
598 1405 672 1442 saec.
687 1385 736 1442 ΙΙΙ.
779 1385 879 1443 Patria
891 1387 977 1461 buJus

38 1469 212 1524 monumenti
226 1470 356 1542 quamvis
369 1469 481 1522 incerta
493 1469 546 1539 sit,
569 1469 698 1545 plerique
714 1479 812 1526 tamen
826 1471 979 1546 designant

39 1549 176 1621 Africam,
205 1551 371 1608 auctoribus
395 1552 521 1606 maxime
544 1547 732 1608 Tertulliano
752 1563 782 1608 et
800 1550 978 1631 Augustino,

38 1636 81 1706 qui
100 1634 267 1707 inscriptis
287 1631 457 1707 saepeltala
475 1635 608 1690 versione
620 1643 749 1690 utuntur.
793 1633 852 1691 Sed
864 1655 977 1707 vereor,

39 1734 70 1770 an
82 1720 141 1790 eJ'us
155 1719 241 1792 origo
254 1719 321 1790 jure
333 1715 369 1772 ad
382 1734 468 1772 unam
478 1719 658 1790 provinciam
665 1716 768 1772 referri
776 1721 875 1791 possit.
902 1716 979 1774 Nam

38 1808 153 1854 testante
165 1797 352 1873 Augustino,
373 1801 470 1872 prouti
487 1801 586 1873 primis
608 1799 676 1856 fidei
697 1801 872 1874 temporibus
884 1800 978 1856 facul·

38 1891 90 1936 tate
106 1883 205 1958 aliqua
225 1883 374 1956 utriusque
392 1882 508 1956 linguae
525 1884 634 1954 pollere
653 1883 708 1938 sibi
726 1885 846 1957 quisque
858 1883 976 1939 videba-

39 1973 93 2035 tur,
111 1983 200 2020 ausus
220 1973 264 2020 est
280 1974 403 2020 vertere.
445 1962 478 2020 ld
500 1963 684 2020 confirmatur
707 1967 872 2020 versionum
890 1963 977 2020 Itala-

39 2065 94 2101 rum
120 2049 256 2123 reliquiis
270 2049 300 2104 in
316 2047 477 2118 codicibus,
497 2067 618 2122 quorum
631 2049 736 2102 notitia
749 2066 835 2120 opera
847 2050 978 2104 virorum

41 2130 182 2187 doctorum
189 2128 362 2201 Biuncbini,
375 2129 539 2201 Sabuticri,
554 2127 743 2204 Murtt'unayi
754 2132 931 2206 aliorumque
943 2129 976 2210 ¹)
1074 2159 1075 2164 κ

40 2213 70 2268 ad
84 2231 134 2269 nos
152 2215 246 2270 venit.
289 2211 365 2269 Sunt
387 2215 463 2268 enim
481 2213 643 2290 fragmenta
655 2214 785 2270 diversae
798 2214 914 2284 indolis,
929 2233 977 2270 co-

40 2296 155 2373 lorisque
168 2297 289 2352 minime
307 2298 521 2352 consentientis.
559 2295 599 2350 Et
612 2299 757 2355 unitatem
769 2299 912 2354 versionis
925 2315 977 2352 ne-

41 2395 78 2432 no
97 2379 190 2436 adbuc
207 2379 368 2434 rationibus
386 2379 498 2434 idoneis
518 2381 560 2434 ita
573 2380 694 2453 probare
707 2381 816 2453 potuit,
834 2389 867 2436 ut
880 2382 975 2436 nullus

43 2461 180 2519 dubitandi
201 2464 282 2517 loeus
302 2460 483 2536 superfuerit.
549 2459 749 2518 Eicbbornius
770 2465 857 2518 etiam
876 2464 907 2518 in
920 2461 977 2518 hoc

43 2561 136 2616 genere
149 2547 297 2601 incassum
311 2544 476 2618 disputavit.
519 2543 623 2601 Melius
640 2547 733 2621 igitur
746 2545 781 2600 de
794 2545 975 2602 versionibus

43 2621 140 2684 Italicis
153 2646 275 2684 numero
284 2628 394 2701 ,plurali
409 2627 567 2684 disseritur.
607 2626 665 2684 Eas
678 2638 757 2682 recte
771 2627 902 2703 designat
915 2627 974 2682 Aic-

41 2713 169 2780 guttinus
182 2712 343 2766 notissimis
356 2709 465 2766 verbis:
495 2728 587 2782 „esse
604 2711 758 2766 verborum
778 2720 897 2766 tenaces
911 2729 975 2764 cuns

38 2796 133 2869 perspi
143 2780 250 2849 ‘uitato
268 2794 465 2849 sententiae.“
506 2792 678 2868 Plerumque
698 2794 775 2846 enim
788 2793 975 2848 translatores

42 2882 143 2931 textum
162 2894 301 2952 graecum
316 2875 351 2931 ad
369 2877 483 2931 literam
494 2875 634 2944 reddunt,
655 2893 721 2930 raro
736 2874 853 2930 liberius
868 2885 975 2952 agunt,

42 2956 106 3012 unde
122 2959 234 3014 lectum
254 2968 313 3029 cst,
336 2967 369 3014 ut
382 2955 524 3014 Latinitas
542 2977 641 3014 eorum
660 2959 710 3013 vix
729 2956 785 3012 hoe
802 2959 842 3014 sit
858 2961 974 3014 nominc

99 3183 125 3240 1)
144 3183 510 3245 Nooumfragmentumltalae
523 3185 648 3238 versionis
659 3184 746 3232 Marci
758 3185 833 3242 atque
842 3182 976 3230 Matthaei

45 3249 146 3296 ecooice
158 3250 221 3296 olim
232 3251 384 3308 Bothu’ensv‘,
401 3253 639 3298 nunc'Tnnri‘nensu'
650 3253 730 3310 Regio
743 3251 837 3309 publici
845 3250 911 3307 J'uris
924 3249 975 3294 ieci

42 3311 153 3442 ldglglbbol
172 3316 308 3430 {precedere
324 3331 412 3366 socru.
428 3319 508 3378 (nipe.
516 3321 593 3366 -1831,
603 3319 641 3378 8.)
658 3333 680 3376 p.
695 3320 822 3364 1—109.
836 3317 895 3363 coll.
909 3317 975 3362 Pro-

976 3735 1075 3830 Δ
