2206 3880
146 143 231 188 XXVl
362 139 638 186 contunNTai'io
666 139 874 184 Isauouica

145 275 234 350 genui
245 273 343 342 anbni,
354 280 385 324 et
392 271 558 346 sagacitatis
568 271 751 326 meritissima
760 265 843 325 laude
851 267 992 343 florentis,
1004 291 1078 348 quan

145 360 178 412 in
194 364 276 410 textu
298 355 425 410 stanneis
442 352 543 418 formis
562 351 746 408 describendo
765 369 955 428 sequeremur.
1000 353 1078 410 Prae

147 440 321 494 termisimus
339 443 451 505 tamen,
469 453 506 488 ne
528 436 691 510 antiquiora
703 444 802 490 nostra
814 437 904 491 variis
918 436 983 492 aliis
999 437 1078 492 fonti-

147 522 200 576 bus
213 530 322 576 temere
343 519 609 588 commiscerentur,
631 519 769 573 lectiones
792 519 952 588 variantes,
974 537 1078 595 quaec

149 604 330 660 correctoriis
345 599 482 655 Romanis
500 602 621 674 aliisque
638 601 843 656 vetustioribus
857 603 997 674 exemplis
1009 605 1077 677 prelo

145 687 306 742 'commissis
325 686 357 738 in
372 685 503 758 margine
521 681 643 740 Ειιίιιιιί
664 683 731 738 iibri
747 686 840 738 rarius
859 691 992 740 enotatae
1013 694 1076 740 eunt.

147 768 240 824 Multa
257 768 366 822 leviora
384 773 479 821 errata
496 765 568 820 bene
586 765 621 821 ab
635 765 744 822 editore
758 773 887 822 correcta
899 767 969 822 vidi.
1014 767 1077 836 Alia,

148 869 220 926 quae
238 867 275 905 ex
288 849 412 904 editione
427 847 544 904 Sixtina
558 867 583 904 a.
600 849 687 904 1590.
705 851 882 922 rejecerant,
903 850 953 924 qui
971 853 1076 925 sequuti

148 944 226 1004 sunt,
240 931 369 988 homines
383 933 489 1002 critici,
502 941 531 986 et
543 949 600 988 aaa
608 930 663 987 Eas
678 933 709 986 in
721 933 880 1008 marginem
892 930 1076 1007 ablegaverat,

146 1025 245 1072 noster
262 1016 353 1071 codex
374 1013 562 1071 confirmavit.
605 1011 653 1070 Ex
673 1033 728 1090 quo
748 1015 930 1070 manifestum
945 1023 1005 1086 est,
1020 1014 1076 1071 Six-

146 1103 209 1154 tina
227 1099 331 1169 biblia,
354 1100 535 1173 quantumvis
554 1106 665 1152 scatere
684 1095 827 1153 erroribus
846 1105 875 1152 et
892 1095 1076 1154 festinationis

147 1181 262 1238 indiciis
284 1190 368 1257 atque
386 1182 517 1258 vestigiis
540 1172 587 1256 (ia
605 1177 635 1234 V.
657 1187 753 1236 tamen
777 1179 866 1236 multo
881 1180 1075 1256 frequentias,

147 1283 232 1340 quum
245 1267 275 1320 ιἰι
290 1261 325 1318 Ν.
342 1258 391 1342 Τ.)
411 1265 475 1318 visa
489 1263 547 1318 sint
560 1257 728 1337 aequalibus
743 1259 790 1342 ¹),
811 1271 943 1336 respectu
963 1262 1075 1317 fontium

147 1349 330 1422 antiquorum
347 1347 556 1418 praestantiora
576 1345 669 1401 videri
684 1343 885 1414 Clementinis,
907 1361 1030 1419 quorum
1041 1363 1075 1399 re·

149 1432 261 1499 censio,
276 1431 352 1483 intra
367 1429 465 1482 decem
478 1436 507 1482 et
519 1445 622 1483 novem
635 1429 705 1499 dies,
721 1426 894 1506 Zagarolae
907 1429 939 1481 in
953 1427 1075 1483 confiniis

147 1509 255 1566 Romae
268 1511 396 1584 perfecta
411 1519 454 1565 est
470 1508 512 1590 ²).
543 1509 643 1585 Neque
656 1513 722 1566 talis
738 1511 878 1566 correctio
891 1509 1075 1583 supplements

147 1611 206 1649 non
220 1593 350 1663 admisit,
373 1611 446 1668 quac
463 1595 545 1666 plura
562 1593 730 1666 prodierunt
742 1595 855 1648 iteratis
869 1591 1044 1648 editionibus
1055 1603 1075 1645 et

148 1678 330 1732 correctoriis
344 1675 473 1749 adjectis.
516 1673 696 1732 Examinatis
711 1685 807 1732 autem
820 1675 1041 1749 antiquioribus,
1052 1685 1075 1728 ut

146 1759 257 1815 Veneta
274 1752 315 1835 (a.
333 1759 420 1815 1755.
440 1761 468 1814 4.
490 1767 565 1814 auct.
579 1755 608 1812 J.
621 1757 656 1814 B.
672 1762 710 1817 da
724 1757 841 1814 Hamci.
856 1755 891 1814 T.
905 1754 926 1812 1.
940 1755 977 1812 11.
992 1777 1030 1813 ex
1041 1767 1075 1832 ty·

145 1841 302 1920 pagraphia
324 1839 540 1915 Balleoniana),
567 1849 596 1895 et
616 1843 822 1898 recentissimis
844 1839 1033 1911 editionibus,
1052 1849 1076 1893 ut

145 1925 382 1982 Francofurtensi
395 1943 438 2001 ap.
449 1922 730 2001 Andreoe‘aliisque,
746 1931 823 1980 certo
836 1941 1005 1998 persuasum
1017 1921 1075 1978 mihi

147 2019 204 2080 cst,
218 2019 331 2066 textum
343 2007 568 2078 clementinum,
592 2010 642 2083 qui
655 2017 791 2085 receptas
807 2015 866 2076 est,
886 2014 915 2060 et
929 2024 946 2061 ιι
959 2025 1016 2082 quo
1030 2007 1075 2060 dis·

147 2091 248 2147 cedere
261 2094 339 2147 nullo
353 2100 436 2165 paeto
451 2093 520 2146 licet
533 2092 564 2144 in
575 2092 702 2145 mantrali
716 2089 856 2160 editione,
877 2088 952 2162 apud
964 2107 1022 2144 aaa
1030 2085 1075 2144 Ea

147 2173 409 2228 emendatissimum
421 2182 450 2228 et
464 2173 717 2247 castigatissimum
731 2171 890 2228 exhibitum
903 2189 973 2227 esse.
1000 2169 1075 2226 Hunc

147 2259 238 2332 igitur
251 2257 367 2330 sequuti
381 2273 477 2310 sumus
491 2255 685 2328 potissimum,
697 2273 756 2310 non
771 2273 856 2310 caeca
871 2254 1028 2328 cupiditate
1040 2271 1075 2307 re-

147 2357 212 2394 rum
234 2353 389 2408 novarum,
415 2337 465 2392 sed
486 2335 621 2408 fundato,
649 2337 796 2414 solidoque
816 2337 936 2412 judicio.
980 2335 1076 2391 Nostra

146 2440 216 2477 vero
243 2421 380 2494 principis
405 2420 512 2475 codicis
536 2417 633 2475 Latini
653 2423 778 2476 varietas
804 2421 937 2475 lectionis
958 2419 1076 2492 subjecta

148 2514 192 2559 est
212 2503 337 2578 margini
356 2504 447 2557 instar
461 2505 708 2559 commentationis
723 2505 855 2572 criticae,
878 2502 914 2557 ad
927 2499 1076 2557 exercenda

148 2590 266 2662 ingenia
278 2586 340 2640 veri
354 2587 487 2639 amantia.

147 2774 258 2816 mentum
272 2768 414 2814 continens.
447 2765 569 2824 Ejusdem
583 2769 644 2814 anni
658 2772 697 2815 est
709 2770 792 2826 maJ'or
807 2767 900 2826 editio,
921 2779 985 2824 quae
1006 2765 1076 2812 trita

148 2838 236 2882 Tomis
244 2837 366 2882 universa
375 2834 455 2882 Biblia
465 2835 647 2892 complectitur.

216 2904 242 2961 1)
262 2905 299 2948 ef.
310 2903 424 2960 inprimis
433 2902 524 2948 librum
536 2903 587 2948 suis
602 2905 757 2961 temporibus
771 2903 823 2950 late
835 2903 1004 2960 divulgatum,
1020 2911 1075 2946 nuuc

149 2982 211 3016 vero
222 2983 272 3015 una
282 2971 336 3015 iere
347 2984 402 3016 cum
410 2969 516 3015 Sixtinis
526 2969 618 3028 bibliis,
630 2984 736 3028 quorum
746 2971 862 3028 exempla
871 2971 946 3016 hodie
955 2969 983 3014 in
994 2967 1074 3014 biblio-

148 3037 229 3082 thecis
239 3035 345 3092 pubiicis
355 3037 484 3082 rarissima
494 3041 560 3096 runt,
571 3037 702 3084 oblivione
712 3037 849 3096 sepultum,
860 3037 980 3096 scriptum
990 3037 1021 3080 ab
1031 3035 1074 3078 Aa·

143 3101 192 3162 'glo
204 3105 320 3148 Taouss
332 3104 435 3163 huna,
452 3103 511 3150 bibi.
521 3103 675 3161 Bodlejanae
686 3105 841 3152 oxoniensis
850 3105 932 3162 primo
942 3103 1074 3161 praetecta:

149 3171 249 3217 Bellum
260 3169 360 3228 Popula
370 3172 422 3217 sice
435 3171 578 3218 Concordia
588 3173 687 3220 discors
699 3173 771 3219 Siata*
781 3173 809 3218 V.
821 3179 847 3218 et
860 3171 997 3218 clementia
1011 3169 1035 3214 V
1033 3165 1074 3213 111.

141 3241 222 3285 eirca
232 3238 463 3296 Hs‘eroayma'aaum
474 3239 615 3284 editionem.
633 3239 713 3286 Lond.
725 3241 797 3286 tuto.
808 3243 832 3284 4.

216 3304 243 3363 2)
255 3305 321 3350 ldem
328 3306 426 3350 uidetur
432 3319 483 3351 van
489 3305 573 3351 Esaia.
581 3307 751 3352 Cibistortam
757 3307 891 3353 bibliorum
899 3305 1053 3352 Sixtinorum
1059 3305 1074 3343 et

152 3373 367 3418 clementinorum
373 3373 487 3430 inprimis
495 3373 568 3418 docte
574 3374 830 3432 etcopiosescriptam
841 3375 868 3418 in
878 3373 956 3418 libro:
968 3381 1025 3415 vas
1033 3370 1079 3414 Est.

147 3446 280 3499 pragmat.
287 3441 347 3486 lrrr‘t.
356 3439 445 3486 Geacb.
452 3440 474 3485 d.
486 3439 605 3498 Vulgata.
614 3439 721 3500 unaing.
728 3433 801 3486 1824.
808 3443 860 3497 8.p.
867 3441 915 3484 263
922 3453 958 3495 sq.
965 3451 989 3495 p.
998 3439 1044 3484 341
1051 3447 1076 3488 ιι·
