2206 3880
149 145 260 191 xxvm
382 145 653 189 connnnrfflo
682 145 890 190 1sauoulct.

149 276 257 331 buissel
269 277 355 330 etiam
368 274 580 350 lacereregulis
594 276 653 330 suis
668 273 1082 334 convenienterhachmannns.

149 355 253 413 Forma
266 359 405 416 orationis
419 375 457 411 ex
469 355 515 411 bls
527 358 734 414 mutationibus
750 357 784 413 lit
800 376 1008 433 nonnunquam
1027 362 1082 415 sin-

149 443 253 516 plicior
270 450 446 515 naturaeque
467 441 692 495 convenientior.
736 439 797 496 Nec
810 449 908 496 tamen
922 440 1030 497 desunt
1043 462 1081 497 ex·

150 526 256 598 empla,
277 523 378 599 quibus
400 539 480 578 error
494 524 699 598 grammaticus
711 523 824 596 subest,
842 533 875 579 ut
886 511 958 579 bue.
975 525 1007 595 7,
1023 525 1050 580 8.
1063 535 1082 580 et

149 607 209 663 alio
220 625 270 680 pro
285 617 315 662 et
328 603 391 660 alii.

211 695 260 753 lll.
281 697 368 752 Aliud
384 713 475 774 genus
493 699 643 754 varietatis
661 700 738 754 inest
755 701 786 754 in
800 696 1028 776 orthographia,
1042 717 1080 753 no-

151 782 260 835 minum
273 783 398 836 maxime
410 781 600 852 propriorum.
632 779 806 837 Scribuntur
820 783 896 836 enim
909 779 1029 851 Jhesns,
1042 779 1079 836 lo-

150 863 276 933 hannes,
297 861 501 933 Hierusalem,
528 855 650 929 Helias,
672 862 824 921 Scariotes
841 866 889 920 vel
907 862 1079 928 Scariothes,

148 943 328 1004 Acheldama
355 956 384 1001 et
409 946 466 999 alia
492 947 635 1001 similiter.
679 945 750 1002 item
777 946 863 1002 habes
884 946 1025 1002 vocabula
1048 947 1078 999 sic

149 1029 270 1102 scripta:
294 1039 449 1106 temptare,
463 1031 626 1104 temptatio,
641 1029 779 1106 epistula,
795 1027 958 1107 spiritalis,
972 1030 1077 1083 caritot

150 1104 216 1184 (pro
232 1109 367 1167 charitas
380 1119 478 1166 textus
494 1109 636 1190 recepti),
655 1111 857 1169 adolescentes
876 1120 905 1165 et
928 1113 964 1166 al.
1010 1107 1077 1164 Haeo

148 1195 218 1249 talia
239 1195 370 1250 invenies
389 1195 420 1248 in
438 1191 587 1263 Vitruvio,
607 1191 723 1264 Selino,
749 1189 947 1259 Tertulliano,
968 1194 1076 1267 aliisque

149 1275 335 1351 scriptoribus
360 1277 498 1331 eccleciae
520 1277 700 1352 antiquioris.
743 1273 843 1352 Neque
866 1286 962 1331 tamen
984 1273 1074 1330 horon

148 1357 436 1434 orthographicorum
454 1357 641 1432 aequabilitas
660 1367 718 1430 est3
745 1376 811 1413 nam
832 1358 935 1414 scribis
957 1358 1073 1414 codieon

147 1459 248 1516 parum
267 1441 359 1496 doctis
382 1439 493 1515 sibique
514 1457 572 1494 non
595 1441 791 1497 constantibus
811 1441 957 1497 debentur.
1002 1439 1074 1494 Prae

146 1533 228 1580 terea
240 1524 325 1578 litera
337 1522 352 1578 h
367 1540 451 1597 saepe
461 1540 513 1596 pro
527 1523 612 1578 litera
623 1543 641 1580 e
653 1525 787 1597 ponitur,
805 1523 881 1600 quod
900 1542 968 1579 carc
983 1525 1015 1578 in
1029 1523 1074 1576 lor·
1089 1529 1090 1576 i

146 1609 202 1663 mis
215 1615 375 1680 temporum
387 1623 439 1679 pro
451 1605 582 1660 variante
593 1607 719 1661 lectione
732 1604 852 1677 babeas,
873 1615 917 1662 est
935 1608 1012 1660 enim
1019 1605 1073 1677 sor·

146 1687 241 1753 malie,
254 1706 313 1744 non
325 1687 418 1744 realis
433 1687 597 1758 diversitas,
610 1688 641 1744 id
653 1689 729 1764 quod
744 1707 874 1745 connexa
888 1690 971 1744 docet
986 1689 1073 1744 oratio.

146 1770 263 1848 Insigne
284 1772 446 1845 exemplum
465 1777 509 1825 est
526 1768 641 1844 Apocal.
663 1771 697 1842 9,
716 1772 765 1827 21.
783 1772 831 1843 18,
845 1773 905 1843 23,
918 1771 968 1826 ubi
981 1771 1073 1846 permi-

146 1858 240 1912 stione
259 1853 360 1911 harum
379 1855 528 1909 literarum
547 1856 621 1910 mire
638 1855 746 1931 legitur
763 1854 913 1925 beneficiis
931 1873 983 1928 pro
1003 1869 1074 1910 aene-

141 1939 232 2009 ficiis.
245 1969 287 1979 -

205 2019 254 2077 lv.
272 2021 392 2077 Accedit
405 2039 496 2096 genus
510 2021 682 2094 lectionum,
701 2038 773 2097 quae
785 2021 950 2098 praecepero
963 2019 1072 2096 quadan

145 2121 231 2160 senen
249 2106 291 2162 ad
307 2123 369 2160 rene
388 2106 483 2180 qrsam
500 2105 662 2176 pertinent,
688 2121 747 2159 non
764 2111 876 2159 tantum
895 2103 932 2158 ad
944 2106 1071 2158 rationem

145 2185 258 2242 dicendi
277 2184 454 2242 variabilem.
496 2183 557 2240 Eae
577 2188 650 2241 tales
672 2195 756 2257 sunt,
784 2193 817 2242 ut
841 2187 889 2242 rel
911 2185 947 2241 ad
973 2193 1089 2260 textum,

144 2270 266 2325 latinum
274 2265 446 2343 Hieronymi
459 2269 616 2344 genuinum
628 2270 675 2324 rel
693 2268 763 2326 adeo
777 2269 814 2325 ad
826 2285 946 2345 graecos
961 2269 1071 2327 codices,

145 2351 246 2428 quibus
258 2369 327 2406 usus
341 2359 385 2405 est
397 2350 498 2406 doctor
512 2350 635 2422 subtilis,
649 2351 816 2408 referendae
829 2353 896 2407 sint.
926 2348 1001 2422 Hae,
1017 2365 1071 2423 qun

143 2435 302 2509 posteriore
319 2435 382 2488 loco
399 2434 498 2508 posui,
525 2442 642 2489 eatenus
660 2436 759 2490 valent
777 2434 813 2490 ad
828 2432 941 2490 Gracco
962 2435 1071 2489 certiore

142 2516 252 2592 judicio
271 2515 413 2587 eruenda,
440 2515 515 2590 quod
531 2533 583 2590 per
602 2517 693 2573 latino
710 2518 797 2574 rerba
817 2535 922 2593 pasca
938 2518 990 2572 illa
1011 2513 1071 2570 anti-

145 2601 246 2676 quiora
263 2607 293 2655 et
314 2597 480 2656 authentica
496 2597 638 2673 probabili
661 2603 827 2675 conjectura
847 2601 918 2660 licet
935 2600 1070 2675 dispicere.

145 2682 219 2741 Nam
241 2701 327 2760 quum
344 2679 554 2758 Hieronymum
578 2693 729 2758 sequutum
752 2703 813 2739 esse
838 2692 950 2738 constet
972 2682 1071 2737 codices

144 2784 263 2842 graecos
275 2766 491 2841 antiquissimos
506 2773 535 2820 et
548 2766 682 2839 optimos,
697 2776 781 2822 caute
793 2766 907 2841 quidem
920 2774 949 2820 et
962 2767 1070 2820 circun-

144 2858 250 2922 speete,
264 2851 400 2905 restituta
413 2849 538 2904 lectione
551 2851 614 2922 ejus
628 2849 728 2921 latina,
743 2851 831 2904 etiarn
844 2849 879 2904 de
893 2865 1021 2925 „graeca
1032 2861 1070 2900 se·
1087 2905 1088 2922 ,

142 2932 253 2986 ritate“
267 2931 467 3006 consequitur,
479 2931 605 3004 judicari
617 2949 710 3005 posse.
753 2930 868 2987 Exinde
882 2930 930 2987 hie
946 2931 1034 2988 codex
1045 2921 1070 2979 ad
1087 2925 1088 2934 ’

144 3015 275 3068 criticam
289 3015 388 3090 graeci
401 3022 499 3069 textus
512 3013 702 3071 factitandam
720 3019 795 3072 tanti
807 3015 943 3088 praesidii
959 3023 988 3069 et
1001 3011 1069 3096 adju

142 3098 233 3151 menti
247 3105 305 3168 est,
323 3105 356 3152 ut
367 3105 447 3152 recte
460 3099 659 3172 semigraeens
678 3107 728 3154 out
742 3099 868 3156 mediate
882 3113 1010 3172 graecas
1025 3094 1069 3147 din

141 3181 248 3254 possit,
267 3189 296 3234 et
312 3181 486 3236 auctoritate
499 3198 551 3234 sua
564 3181 730 3236 innumeros
746 3180 860 3236 codices
874 3197 993 3256 graecos
1008 3174 1069 3233 inf·

141 3263 228 3318 rioris
240 3271 326 3318 notae
340 3263 499 3338 aetatisque
512 3263 619 3318 vincat.
662 3259 776 3320 Multae
794 3263 875 3320 hand
895 3262 979 3320 dadis
993 3261 1069 3317 donat

143 3343 292 3416 lectiones,
307 3346 448 3402 communi
461 3362 582 3401 assensa
590 3345 774 3422 probandae,
788 3353 843 3401 ant
856 3353 1000 3401 accurate
1013 3355 1069 3397 eat·

142 3428 299 3486 mirandae
313 3438 343 3484 et
351 3429 573 3506 ponderandae,
588 3430 619 3482 in
634 3445 666 3484 eo
679 3436 820 3486 servatae
833 3433 911 3484 sant.
