2206 3880
145 105 219 150 xxti
361 95 635 144 contnENTarlo
663 97 874 143 lsaaoolca.

146 237 241 312 digna.
286 229 384 286 Genus
399 231 475 285 enim
489 228 602 284 dicendi
615 237 659 284 eat
672 231 938 306 graeco-latinum
958 232 1078 286 retinen·

145 330 194 375 tur
208 333 312 393 graeca
324 329 529 386 nonnunquam
541 311 680 368 vocabula
695 305 743 390 (ut
756 315 800 368 in:
818 330 898 368 mons
912 311 1003 380 eleon,
1019 323 1078 368 cata

146 398 332 457 Mendaeum
347 405 376 451 et
389 397 421 450 in
434 391 502 474 al),
515 395 713 451 immiscentur
727 397 784 450 alia
797 395 917 451 barbara
930 403 959 450 et
970 413 988 450 a
1003 397 1077 472 genio

147 485 254 540 latinae
267 483 384 555 linguae
398 479 500 533 aliena.
543 477 626 542 Quod
640 480 695 534 etsi
709 497 796 554 aegre
809 478 918 534 feratur
933 478 967 534 ab
982 497 1029 548 eo,
1042 481 1079 552 qui

147 567 260 622 meliori
274 562 406 618 adsuevit
419 561 560 631 sermoni,
578 570 675 616 tamen
687 561 742 616 hoe
755 561 822 616 inde
834 563 971 616 utilitatis
985 560 1078 616 redun-

148 649 207 720 dat,
221 645 298 723 quod
309 652 407 699 textus
421 645 520 719 graeci
532 645 704 718 antiquioris
718 653 821 699 natura
834 663 871 699 ex
883 643 929 699 his
944 642 1078 720 fragmen·

148 735 197 801 tis,
213 747 285 806 quae
297 745 394 802 presse
406 733 565 802 sequuntur
580 724 708 798 Graeca,
724 728 916 803 cognoscitur.
958 725 998 782 At
1013 736 1078 782 certo

150 815 208 870 dici
230 823 259 867 et
280 811 379 888 colligi
407 811 525 884 nequit,
553 827 690 884 quosnam
711 809 806 865 fontes
826 806 953 865 Graecos
977 811 1079 885 sequuti

149 897 272 965 suerint,
295 895 345 968 qui
362 893 451 948 latine
468 891 539 948 haec
552 893 719 964 vertebant,
738 912 802 948 cum
817 893 1012 967 antiquissimi
1025 893 1078 948 libri

148 997 234 1034 uranu
253 979 354 1050 scripti
371 977 485 1052 graeci,
503 973 549 1031 his
568 975 682 1050 quidem
698 975 868 1054 fragmentis
888 983 984 1030 aetate
997 994 1077 1048 pares,

148 1061 284 1137 perpauci
307 1061 458 1135 supersint.
502 1055 547 1114 De
567 1060 719 1132 provincia
738 1067 767 1114 et
792 1060 906 1134 origine
923 1059 1077 1114 versionum

148 1155 215 1200 ante
228 1141 451 1218 Hieronymum,
468 1160 541 1217 quae
555 1159 759 1217 nonnunquam
770 1143 891 1215 privatis
904 1149 1019 1197 tantum
1031 1141 1077 1196 usi·

147 1229 200 1284 bns
212 1227 379 1282 inserviisse
390 1223 536 1294 videntur,
551 1242 584 1278 ea
600 1224 633 1278 de
649 1243 734 1280 causa
748 1223 866 1279 difficile
878 1224 1022 1298 judicium
1037 1231 1077 1289 est,

148 1311 224 1386 quod
236 1308 312 1364 haud
325 1326 390 1362 raro
405 1307 481 1361 forte
493 1305 610 1361 fortuna
623 1324 660 1360 ex
673 1323 730 1362 uno
756 1307 817 1362 loco
837 1308 870 1360 in
882 1308 971 1362 alium
982 1308 1076 1382 migra·

147 1401 260 1449 verunt.
303 1385 348 1444 Ea
366 1398 463 1443 tamen
481 1389 658 1464 fragmenta,
685 1389 829 1444 erroribus
849 1387 1077 1466 orthographicis,

148 1474 343 1552 grammaticis
356 1473 477 1546 aliisque
490 1489 549 1526 non
562 1489 619 1526 uno
634 1474 697 1527 loco
713 1473 878 1546 conspicua,
896 1481 962 1546 apte
977 1489 1077 1546 eompa-

147 1565 249 1614 rantur
262 1555 297 1610 ad
310 1556 418 1610 latinae
429 1555 561 1630 linguae,
583 1557 758 1610 senescentis
777 1556 855 1612 illius
875 1563 904 1609 et
918 1555 1076 1629 decrepitae,

146 1639 299 1696 historiam
320 1637 453 1692 subtilius
489 1637 731 1713 cognoscendam3
766 1647 795 1694 et
817 1637 987 1694 documento
1014 1645 1076 1701 sunt,

147 1742 232 1798 quem
245 1723 276 1779 in
289 1720 405 1775 modum
416 1728 529 1775 veteres
544 1716 712 1790 Christiani,
725 1737 784 1778 non
796 1729 909 1776 tantum
923 1721 1048 1793 episcopi
1058 1729 1077 1772 et

148 1806 257 1875 clerici,
271 1803 420 1860 sedetiam
434 1803 516 1873 laici,
531 1803 638 1876 pietate
651 1805 795 1879 insignes,
811 1805 860 1879 qui
873 1805 970 1878 aliqua
983 1805 1076 1858 utrius-

147 1909 202 1966 que
215 1891 331 1964 linguae
350 1885 488 1942 facultate
505 1887 642 1941 instructi
659 1887 715 1942 sihi
730 1886 917 1957 videbantur,
939 1903 1036 1942 sacros
1052 1885 1077 1938 li·

146 1974 212 2029 hros
232 1989 350 2047 graecos
369 1972 400 2025 in
418 1971 541 2024 latinum
561 1987 722 2024 sermonem
739 1970 897 2026 transferre
911 1971 1008 2024 conati
1022 1970 1077 2032 sint,

148 2073 257 2111 summa
270 2054 385 2129 quidem
398 2052 454 2108 fide
468 2061 497 2107 et
509 2053 635 2108 mirabili
650 2053 809 2128 diligentia.
837 2052 917 2116 Quae
929 2051 1077 2128 fragmenta

147 2136 313 2192 Italicarum
325 2138 501 2205 versionum,
510 2133 658 2210 hucusque
674 2135 800 2210 cognita,
815 2137 840 2190 si
854 2136 919 2190 aliis
933 2134 1077 2210 incognitis

147 2229 178 2274 et
193 2237 268 2274 nove
287 2219 409 2292 repertis
429 2235 535 2292 augere
559 2217 685 2273 secunda
701 2217 817 2277 fortuna
839 2219 1038 2295 contingeret,
1061 2216 1077 2269 si

147 2310 326 2376 praestantes
337 2298 456 2355 Codices
470 2301 568 2374 graeci
582 2302 772 2356 vetustissimi
796 2301 887 2365 denuo
901 2300 937 2356 ad
951 2301 1077 2356 editiones

146 2387 300 2458 impressas
322 2381 536 2450 conferrentur,
555 2391 584 2437 et
601 2383 716 2458 quidem
738 2384 897 2440 subtilitate
912 2381 1078 2459 philologiae

146 2466 193 2522 his
207 2468 313 2522 nostris
329 2465 428 2520 diebus
447 2464 596 2539 digniore,
619 2466 654 2521 de
674 2467 851 2522 restituendo
872 2475 955 2522 textu
972 2465 1077 2542 graeco,

148 2551 264 2606 saeculo
279 2546 328 2603 lll.
342 2548 404 2602 fere
416 2566 444 2622 p.
460 2545 526 2602 Chr.
541 2546 694 2620 familiari,
708 2548 782 2605 bona
794 2551 912 2625 quaevis
925 2550 1034 2622 sperari
1046 2545 1077 2602 fas

148 2643 231 2689 esset.
248 2663 284 2672 -

211 2715 288 2772 Satis
302 2713 374 2770 haec
388 2721 473 2769 sunto
488 2713 633 2787 disputata
647 2714 681 2769 de
694 2713 900 2770 rcbusbiblicis
910 2724 977 2770 ante
986 2711 1077 2768 Hiero·

148 2814 281 2873 nynmm,
307 2815 402 2866 nunc,
425 2795 501 2851 unde
519 2797 664 2852 aberravit
686 2799 795 2868 oratio,
812 2796 848 2851 ad
872 2800 967 2853 nostri
984 2795 1077 2852 codicis

147 2881 309 2936 versionem
320 2875 578 2954 Hieronymianam
596 2879 754 2935 redeamus.
796 2877 992 2956 Hieronymus
1007 2883 1077 2954 jussu

147 2961 289 3030 Damasi,
307 2964 431 3036 episcopi
445 2959 583 3031 Romani,
598 2962 762 3036 adjumento
776 2961 907 3019 codicum
920 2977 1077 3038 graecorum

147 3062 205 3099 non
218 3045 388 3112 multorum,
411 3044 461 3098 sed
475 3046 679 3100 excellentium
692 3047 864 3120 antiquitate
877 3053 906 3100 et
919 3045 1015 3101 indole
1028 3059 1077 3108 sna,

147 3127 274 3200 suscepit
287 3126 413 3180 laborem
427 3135 456 3180 ct
470 3127 661 3183 emendandae
673 3130 780 3189 veteris
794 3131 947 3200 versionis,
957 3137 1002 3182 tot
1011 3143 1076 3182 men·

149 3210 192 3266 dis
206 3208 352 3277 foedatae,
374 3217 402 3262 et
420 3227 511 3266 novae
531 3212 728 3267 translationis
744 3210 945 3269 conficiendae.
988 3207 1022 3264 ln
1036 3223 1078 3284 qua

147 3311 179 3348 re
196 3291 286 3348 ardua
303 3289 450 3346 moderate
467 3295 546 3368 egit3
580 3293 631 3348 sed
647 3312 684 3348 ne
705 3294 747 3348 sic
766 3293 880 3368 quidem
900 3291 1077 3348 damnatoria

149 3377 305 3432 sententias
327 3375 525 3448 imperitorum
546 3384 575 3430 et
591 3374 798 3432 malevolorum
822 3374 940 3451 effugit3
971 3378 1003 3432 in
1022 3389 1077 3451 quos
