2206 3880
155 139 290 185 XXXVIII
374 133 884 182 COMMENTATIOISAGOGICA.

156 281 215 326 tem
228 266 397 341 Hieronymi
421 265 552 338 inprimis
569 262 776 338 respiciendam
804 281 867 318 esse
884 271 914 317 et
932 265 1091 318 versionem

157 345 885 427 ejus,praeelarojudiciohartmannusenuntiarit.
905 344 970 418 lpse
979 345 1089 419 quidem

157 439 188 491 in
207 435 332 490 editione
350 430 476 486 manuali
493 427 529 484 N.
544 427 579 484 T.
593 431 691 504 graeci
706 425 737 507 ¹)
755 429 903 484 orientalis
920 435 1038 482 tantum
1052 448 1089 482 ee-

159 520 263 573 clesiae
281 516 450 572 documenta
463 511 631 581 advocavit,
648 529 735 586 quum
748 511 940 566 occidentales
954 511 1090 564 lectiones

158 599 382 656 existimavisset
401 603 528 650 autnon
547 595 617 649 satis
639 596 770 668 cognitas
789 611 852 648 esse
864 602 915 648 aut
927 601 1044 648 tautum
1057 594 1089 648 le-

158 686 218 738 tine
231 679 372 754 proditas,
397 679 523 733 noluisse
537 686 632 733 autem
645 695 677 732 se
691 673 803 732 Greece
813 685 928 732 vertere
941 672 1057 730 Latina

221 761 366 818 Habemus
383 762 474 837 igitur
491 769 589 816 nostro
609 758 707 814 codiee
729 760 880 835 egregium
899 766 1003 814 testem
1022 760 1089 814 occi-

158 844 303 904 dentalem
317 852 346 899 et
358 845 530 918 principem,
550 843 600 917 qui
613 839 877 897 Lachmauuianum
893 840 1024 898 laborem
1043 857 1088 896 uon

160 937 270 984 tantum
284 928 428 1002 supplere,
447 925 497 980 sed
509 927 606 980 multis
619 924 770 980 emendare
782 925 911 998 partibus
924 924 1088 996 antiquitate

159 1029 210 1066 sua
233 1020 262 1065 et
279 1010 404 1084 pondere
426 1011 528 1064 critico
541 1025 610 1082 prae
625 1009 867 1080 caeteris'potest,
888 1009 914 1062 si
926 1005 1044 1080 quidem
1063 1024 1087 1059 eo

159 1097 231 1149 scite
251 1095 449 1166 sapienterque
466 1093 584 1146 utimur.
626 1088 668 1144 Ab
687 1088 742 1145 hoe
761 1091 852 1165 igitur
867 1098 994 1162 tempore
1008 1087 1087 1143 codex

158 1177 333 1245 Amiatinus,
351 1173 489 1229 haetenus
506 1173 688 1248 incognitus,
706 1173 783 1227 inter
804 1173 989 1248 gravissimos
1009 1179 1085 1226 tester

157 1261 336 1315 recensionis
349 1254 541 1313 occidentalis
555 1257 658 1310 merito
672 1273 723 1311 suo
738 1263 767 1309 et
777 1259 844 1328 jure
856 1263 986 1328 ponetur.

220 1339 311 1396 Error
331 1348 390 1408 est,
410 1341 459 1414 qui
478 1340 510 1393 in
532 1338 667 1410 infantia
686 1339 813 1393 criticae
827 1339 906 1394 artis
920 1355 1008 1411 saepe
1022 1353 1051 1390 se
1062 1339 1084 1390 iu

99 1431 103 1440 '
158 1425 268 1478 animos
286 1423 429 1491 insinuat,
453 1429 482 1476 et
500 1419 545 1475 his
563 1439 674 1496 quoque
690 1419 788 1476 diebus
800 1421 1000 1494 imperitorum
1019 1437 1085 1473 meu·

157 1517 215 1559 tem
229 1504 371 1574 obtundit,
384 1513 417 1558 ut
436 1505 466 1558 in
480 1504 630 1558 itineribus
643 1505 715 1558 meis
728 1504 805 1558 iuter
817 1513 931 1559 exteros
940 1502 1085 1558 identidem

158 1589 235 1643 censi
248 1596 277 1642 et
290 1587 450 1660 deploravi,
471 1587 712 1656 existimantium,
736 1587 838 1642 critica
850 1585 922 1641 haec
935 1587 1033 1642 studia
1049 1585 1084 1640 lu-

157 1671 221 1726 tilia
235 1688 296 1724 esse
310 1668 449 1744 nihilique
463 1669 604 1740 iacienda,
615 1668 689 1743 quod
701 1671 732 1724 in
741 1672 842 1742 jejuna
852 1669 1021 1726 subtilitate
1033 1686 1084 1726 rer-

157 1762 266 1822 sentur,
281 1760 311 1807 et
317 1751 411 1822 fidem
424 1760 509 1828 atque
521 1769 616 1808 mores
626 1749 855 1810 Christianorum
868 1769 926 1808 uon
940 1753 1082 1831 attingant.

158 1835 240 1900 Quod
264 1844 417 1910 utrumque
443 1844 472 1889 et
497 1853 597 1910 parum
620 1843 704 1890 acute
731 1835 837 1890 dieitur
862 1844 891 1890 et
908 1836 996 1892 etiam
1015 1838 1082 1894 falso.

158 1915 273 1974 Tritum
285 1926 329 1973 est
340 1917 537 1992 proverbium,
552 1917 626 1993 quod
639 1920 702 1973 sine
715 1918 872 1974 acerbitate
885 1921 915 1972 iu
927 1921 1082 1976 memoriam

156 2010 322 2057 revocatum
335 2003 435 2058 velim:
458 2010 549 2056 artem
562 2019 620 2056 non
632 1999 737 2056 habere
749 2019 872 2072 osorem,
887 2003 943 2056 nisi
957 2003 1081 2078 ignoran-
1096 2049 1097 2060 t

157 2097 223 2140 tem.
267 2082 419 2158 Nunquam
432 2086 508 2138 enirn
523 2093 601 2139 certo
615 2083 742 2157 praedici
755 2093 864 2157 potest,
883 2101 920 2138 an
933 2085 964 2138 iu
976 2087 1082 2140 melete·
1096 2067 1097 2153 l

156 2167 280 2222 metibus
299 2168 409 2222 criticis
427 2167 513 2221 lectio
536 2167 631 2240 aliqua
655 2184 719 2222 cum
741 2166 920 2242 dogmatibus
940 2166 1041 2224 futura
1056 2167 1096 2220 sit¹

157 2253 328 2323 conjuncta,
346 2265 383 2302 an
401 2257 483 2302 extra
501 2248 634 2322 dogmata
653 2251 684 2302 in
698 2267 804 2324 genere
817 2249 931 2304 dicendi
944 2251 983 2306 sit
996 2267 1081 2307 versa-

155 2342 229 2386 tura.
272 2327 375 2386 Utrum
389 2329 516 2400 accidat,
534 2332 663 2405 sequitur
677 2349 714 2386 ex
725 2341 830 2388 natura
842 2334 900 2402 rei,
918 2350 976 2388 noa
990 2353 1031 2392 ex
1043 2351 1079 2388 vo·

156 2417 266 2469 luntate
282 2414 340 2468 riri
359 2412 477 2468 cordati.
520 2411 610 2467 Nemo
629 2432 697 2468 vere
719 2416 836 2470 criticus
853 2413 925 2470 haec
943 2417 1017 2472 talia
1036 2426 1080 2472 stu-

157 2495 236 2551 diose
249 2503 384 2572 quaeret3
411 2495 460 2550 sed
472 2497 497 2550 si
510 2514 546 2550 ex
560 2495 722 2571 dogmatico
737 2515 843 2574 genere
857 2497 995 2572 quaedam
1011 2502 1038 2554 ei
1051 2497 1080 2552 ol·
1094 2525 1095 2611 p

156 2579 285 2634 serentur
309 2571 400 2653 (quod
421 2577 484 2634 fieri
506 2596 574 2633 seue
596 2576 721 2659 potest),
751 2581 919 2654 dijudicabit
943 2582 1040 2638 studio
1062 2587 1080 2632 et

155 2681 252 2717 amore
284 2659 480 2718 dilucidandae
509 2662 652 2717 veritatis.
701 2661 813 2718 Nititur
842 2663 955 2739 quidem
988 2665 1094 2739 religio¹

157 2743 265 2800 Christi
279 2746 310 2800 in
323 2745 427 2800 animis
440 2742 587 2800 hominum
599 2745 746 2818 praeclaro
760 2745 953 2802 itmdamento.
994 2746 1080 2803 Potest

155 2836 251 2882 tamen
271 2836 300 2882 et
317 2825 387 2881 haec
406 2826 525 2882 firmitas
544 2829 645 2904 augeri
658 2830 784 2884 externis
800 2828 959 2885 rationibus
974 2830 1079 2886 criticis·

156 2907 239 2974 Quod
258 2918 354 2964 autem
378 2909 412 2964 de
433 2909 599 2966 subtilitate
621 2908 702 2966 houd
713 2911 879 2982 fructuoso
904 2914 1044 2968 eeclesiae
1061 2919 1093 2962 et¹

154 2993 247 3046 literis
265 2991 365 3048 dicunt
381 2993 510 3048 virorum
527 2994 558 3048 in
580 2993 665 3048 rebus
688 2995 798 3049 criticis
824 2994 1038 3067 desudantium,
1060 2989 1079 3046 il

154 3073 282 3148 proiecto
297 3075 433 3131 absormm
450 3084 509 3146 est,
531 3077 669 3151 ignavum
686 3085 715 3131 et
729 3074 891 3132 Christiano
911 3075 1030 3133 homine
1047 3078 1092 3130 ina

154 3158 282 3233 dignum.
324 3155 398 3213 Nam
420 3160 532 3213 etiamsi
552 3160 631 3214 nulla
652 3159 807 3234 dogmatici
820 3169 870 3215 aut
884 3158 973 3215 ethici
985 3158 1077 3234 ponde

154 3242 195 3295 ris
209 3241 348 3314 speranda
361 3250 436 3297 esset
449 3242 574 3297 varietas
588 3242 732 3312 lectionis,
742 3251 838 3298 tamen
852 3260 955 3316 operae
969 3245 1076 3316 pretium

222 3425 248 3481 1)
269 3425 338 3477 Quae
349 3425 455 3482 primum
466 3423 560 3482 prodiit
569 3423 657 3470 Berol.
668 3427 740 3471 naal.
752 3428 774 3470 8.
787 3425 946 3484 stereotypir.

1081 3557 1090 3852 l
