2206 3880
233 111 506 160 commentariolo
535 116 747 160 lsoooolcs.
887 117 959 162 XXV

27 245 128 300 cedere.
172 239 378 300 Verumtamen
395 243 598 318 discipsdorum
619 247 728 302 animos
746 243 800 302 bac
817 249 958 304 varietate

25 329 163 396 lectionis,
183 328 457 401 epracstantissimo
472 327 586 398 codice,
597 327 758 404 pontificio
771 329 958 406 adprobatio-

26 431 55 465 ne
68 409 150 466 Sinti
167 405 198 462 V.
212 417 332 478 ornato,
355 411 386 464 in
399 412 530 486 margine
547 411 693 484 subjecta,
717 413 829 486 erigere
847 421 876 466 et
896 431 957 468 mo-

25 512 85 548 rere
105 493 299 562 tentavimus,
322 491 358 546 ad
374 489 484 548 Graeca
509 495 677 569 evangelica
695 501 724 547 et
742 495 897 567 apostolica
916 497 957 550 le-

27 575 110 651 genda
123 575 287 649 iterumque
300 575 519 648 perscrutanda,
541 577 644 652 quibus
666 576 769 632 studiis
783 578 832 650 qui
845 577 957 634 assidue

27 668 51 712 et
62 659 181 713 solerter
191 675 223 712 se
236 657 382 728 dederint,
398 659 457 715 suis
471 661 627 732 praeclaris
645 658 786 714 fructibus
801 677 859 714 nors
878 678 956 716 care-

26 740 95 796 bunt.
138 737 381 816 Recognitionem
403 749 499 796 tamen
517 751 546 796 et
562 742 632 796 adeo
650 743 848 802 recensionem
861 751 957 800 textus

26 825 99 878 latini
120 839 243 892 novam,
269 823 380 897 qualem
398 825 493 880 critici
513 821 643 878 homines
663 823 758 879 dicere
776 826 884 896 solent,
911 827 958 880 rel

27 925 81 960 eam
99 905 135 964 ob
156 924 271 960 carosam
288 903 336 960 hic
349 903 484 962 exhibere
498 924 589 981 neque
602 908 746 980 potuimus
759 925 851 982 neque
863 910 957 964 volui·

27 1008 95 1059 mos,
118 989 196 1064 quod
210 989 271 1048 sine
284 987 372 1043 ubere
385 997 522 1064 apparatu
541 987 671 1044 codicum
685 1007 869 1064 graecorum,
892 1010 958 1048 rer-

28 1075 129 1127 siooum
143 1079 174 1126 et
186 1069 307 1126 Petrum
324 1070 387 1126 fieri
406 1089 464 1126 non
481 1073 636 1145 potuisset,
660 1073 709 1146 qui
728 1075 857 1147 quamvis
874 1075 958 1130 nobis

28 1157 133 1209 minime
153 1153 243 1224 desit,
271 1155 302 1208 in
319 1155 471 1209 itineribus
489 1156 569 1230 large
587 1162 755 1230 congestus,
778 1154 815 1210 ad
832 1155 958 1212 futuram

28 1237 173 1294 editionem
185 1238 292 1311 graeci
304 1245 401 1292 textus
414 1235 449 1292 N.
466 1235 501 1292 T.
515 1231 647 1292 criticam
659 1243 689 1292 et
701 1238 896 1312 exegeticam,
914 1247 958 1294 to-

28 1338 97 1389 men,
116 1321 142 1376 si
155 1338 233 1374 nano
247 1318 358 1376 adlatus
370 1319 488 1390 ferisset,
510 1337 568 1376 non
582 1320 759 1389 manualem,
776 1319 826 1376 sed
838 1323 958 1394 amplio-

29 1421 81 1456 rem
93 1403 225 1458 criticam
238 1401 393 1457 editionem
407 1401 556 1458 effecisset.
599 1400 631 1457 Id
648 1401 723 1478 quod
742 1411 771 1456 et
788 1421 806 1457 a
819 1403 958 1478 bibliopo-

29 1486 76 1554 lae,
88 1487 143 1541 riri
157 1483 365 1555 honestissimi,
378 1493 407 1540 et
420 1494 547 1540 anostra
563 1487 685 1556 consilio
696 1484 821 1540 alienum
834 1495 904 1542 erat.
920 1519 955 1528 -

85 1565 203 1624 Constat
215 1575 328 1638 autem,
354 1568 492 1624 editiones
505 1569 581 1644 typis
595 1570 747 1642 impressas
763 1565 959 1626 Clementiana

31 1653 204 1723 posteriores,
217 1650 253 1705 ab
267 1669 292 1705 a.
300 1652 426 1706 maxime
440 1651 527 1706 1593.
545 1649 632 1708 1598.
647 1659 676 1705 et
687 1651 960 1726 sequentibusiden-

31 1733 108 1788 tidem
126 1735 211 1790 annis
228 1735 423 1810 promulgatas
440 1753 498 1790 non
519 1735 576 1790 nisi
592 1735 666 1790 raris
686 1735 763 1788 inter
781 1753 812 1789 sc
829 1737 960 1791 minutiis

33 1815 144 1887 differre,
154 1825 184 1870 et
196 1833 283 1872 unam
295 1815 356 1872 sere
369 1818 546 1892 aequabilem
558 1817 679 1872 sormam
691 1825 788 1872 textus
804 1819 959 1874 continere.

32 1896 127 1955 Earum
145 1909 243 1954 tamen
261 1899 439 1966 fundamenti
456 1902 520 1956 loco
539 1917 597 1956 una
619 1907 682 1954 erat
701 1899 840 1972 ponenda.
885 1897 959 1956 Cou-

33 1992 188 2038 sentaneum
204 1991 265 2036 erat
278 1981 322 2038 his
335 1983 510 2056 temporibus
524 1991 554 2038 et
566 1980 634 2038 huic
647 1983 796 2037 literarum
810 1983 883 2052 luci,
898 2001 961 2038 eam

33 2066 93 2140 eligi
111 2065 282 2135 editionem,
304 2069 386 2138 cujus
399 2074 501 2121 auctor
514 2066 636 2140 plurima
649 2063 817 2119 eruditionis
831 2066 961 2141 rectique

32 2148 123 2218 judicii
139 2149 296 2222 specimina
310 2151 341 2204 in
355 2149 532 2225 corrigendis
547 2147 690 2204 erroribus
703 2145 917 2222 typothetarum
932 2159 962 2204 et

35 2232 190 2288 criticorum
207 2233 388 2305 protulisset,
406 2240 573 2307 tantumque
589 2231 726 2304 temporis
739 2231 770 2285 in
783 2229 838 2286 boc
855 2249 961 2306 genere

35 2314 183 2370 studiorum
196 2317 414 2384 consumsisset,
435 2323 467 2370 ut
484 2317 515 2370 in
533 2315 575 2370 eis
593 2321 673 2370 totus
689 2311 820 2368 habitare
831 2317 897 2388 J‘nre
909 2334 960 2372 suo

37 2397 196 2454 crederetur.
237 2394 349 2454 Nocens
363 2399 439 2453 enim
453 2406 553 2454 tentus
568 2395 830 2466 conformationem
844 2401 961 2468 nemini,

36 2487 210 2554 utrepetam,
233 2481 263 2534 in
282 2477 338 2535 hoe
357 2481 490 2536 versione
508 2480 622 2536 licitum
637 2486 682 2534 est
701 2486 818 2534 tentore
833 2497 869 2535 ea
883 2484 962 2536 onti-

36 2564 90 2634 qnia
102 2563 313 2620 ecclesiasticis
332 2562 459 2640 legibue,
481 2581 554 2638 qaae
572 2568 782 2617 sacrosanctae
800 2560 900 2616 maltis
920 2567 961 2619 oi-

37 2644 138 2701 dentar.
184 2643 244 2714 Qni
255 2643 348 2721 plara
360 2644 532 2722 postulant,
558 2642 611 2699 boc
630 2645 692 2719 qrso
706 2642 904 2720 profitentur,
930 2663 962 2702 se

37 2722 179 2784 historiam
196 2727 283 2800 bajas
302 2729 460 2798 versionis,
485 2729 601 2802 ejusque
613 2729 671 2782 aim
685 2734 772 2800 atque
789 2733 928 2782 notarum
942 2748 962 2784 a

38 2810 148 2867 concilio
170 2811 238 2867 inde
264 2808 436 2866 Tridentino
465 2811 613 2884 ignorare.
661 2807 797 2872 (lucraris
819 2810 962 2866 nerninem

37 2889 119 2966 fugiat
135 2894 274 2968 peritum,
300 2911 318 2946 a
335 2893 433 2948 multis
450 2891 534 2947 bodie
552 2888 709 2946 Catholicis
731 2889 876 2946 decretum
895 2890 963 2950 Tri-

38 2971 174 3031 dentiuum
202 2975 237 3031 de
262 2993 336 3030 vers.
360 2973 485 3050 Vulgata
514 2974 675 3032 existimari
697 2981 880 3048 praeceptum
905 2995 963 3032 non

39 3055 236 3130 dogmaticam,
250 3057 300 3113 sed
312 3058 562 3134 diooquinoriom,
583 3057 748 3133 aequalibus
763 3055 869 3128 datum,
883 3059 964 3116 inde-

39 3155 84 3211 que
96 3159 152 3197 non
162 3151 325 3218 perpetuae
340 3141 532 3216 obligationis.
552 3170 588 3180 -
611 3139 728 3214 Optima
740 3140 833 3214 igitur
844 3141 908 3196 risa
921 3150 965 3198 est

40 3220 116 3278 editio
128 3241 229 3280 recens
244 3231 273 3278 et
286 3225 427 3278 manualis
441 3238 503 3277 von
516 3221 590 3278 Essr
605 3220 653 3302 ¹),
672 3223 730 3278 riri
744 3221 907 3294 doctrinae,
920 3225 964 3280 iu-

96 3405 122 3462 l)
141 3406 239 3452 Prodilt
248 3419 271 3452 a.
282 3407 356 3452 1822.
367 3407 498 3465 Tubingae
508 3421 547 3466 ap.
557 3407 633 3454 Fues.
644 3409 667 3452 8.
678 3405 760 3452 solum
768 3405 868 3452 Novum
876 3409 967 3456 Testa·
