2206 3880
171 141 347 186 DECRETA
369 139 421 186 EX
445 140 548 185 CONG.
572 141 823 188 unlnunrruo.
886 144 971 190 mn

33 275 118 320 Sancta
126 272 210 322 Mater
218 269 349 329 Ecclesia,
365 269 437 328 cujus
448 271 487 316 est
493 269 611 328 judicare
621 271 652 318 de
662 283 728 318 vero
742 285 818 318 sensu
825 303 834 329 ,
850 276 875 320 et
889 273 970 320 inter-

32 357 168 416 pretatione
181 354 370 411 Scripturarum
385 355 542 413 sanctarum3
566 354 699 401 autetiam
715 357 805 402 contra
827 358 971 404 unanimem

33 453 179 487 consensum
192 439 296 484 Patrem
310 437 391 494 ipsam
406 437 563 496 Scriptorum
579 439 682 486 Sacram
697 439 861 497 interpretari
868 441 970 500 audeat,

32 525 126 572 etiami
136 521 284 581 hujusmodi
293 521 520 580 interpretationes
526 522 597 573 nulio
608 535 718 580 unquam
727 524 842 582 ternpore
852 524 878 570 in
888 523 971 570 lucem

33 607 136 655 edendae
147 609 241 653 forent.
278 605 329 658 Qui
339 605 563 665 contravenerint,
578 619 624 664 per
635 607 786 654 Ordinatios
799 606 969 666 declarentur,

33 695 54 738 et
62 692 149 750 poenis
159 705 174 736 a
180 692 240 748 iure
251 689 351 736 statutis
361 688 508 746 puniantur.

76 776 125 824 Sed
138 779 165 822 et
177 773 373 834 impressoribus
382 773 483 820 modum
493 774 521 820 in
530 773 577 820 bac
586 774 674 834 parte,
683 777 712 820 nt
721 787 767 832 par
776 776 829 833 est,
840 773 971 832 imponere

34 860 127 916 rolens,
142 859 184 916 qui
196 859 250 916 jam
267 857 322 904 sine
338 857 414 904 modo
420 888 428 916 ,
443 857 492 903 hoe
510 859 562 916 est,
579 861 696 916 putantes
706 858 755 905 sibi
764 857 843 904 licere
853 858 972 916 quidquid

33 944 87 990 tibet
100 943 155 989 sine
167 941 273 988 licentia
287 941 454 998 superiorum
463 941 704 988 Ecclesiasticorum
715 943 786 1000 ipsos
796 943 891 989 Sacrae
902 943 972 990 Scri-

34 1033 113 1085 pturae
121 1027 215 1086 libros,
232 1027 257 1072 et
266 1037 344 1084 super
358 1024 410 1070 illis
419 1025 614 1083 annotationes,
630 1028 656 1072 et
665 1026 841 1084 expositiones
852 1041 972 1084 quorum-

35 1111 88 1157 libet
102 1111 278 1157 indifferenter
292 1122 369 1167 saepe
379 1109 467 1168 tacito,
487 1122 563 1167 saepe
578 1108 654 1154 etiam
669 1110 803 1169 ementito,
824 1111 928 1172 praelo,
948 1114 974 1158 et

36 1195 94 1252 qood
102 1194 204 1254 pravius
215 1196 254 1240 est
263 1193 320 1240 siue
329 1192 433 1238 nomine
448 1184 561 1240 auctoris
576 1191 736 1250 imprimunt,
758 1193 820 1240 alibi
835 1195 911 1242 etiam
925 1195 973 1241 im-

36 1292 128 1336 pressos
137 1279 218 1326 libros
228 1275 374 1335 hujusmodi
383 1280 479 1324 temere
490 1277 595 1323 venales
608 1276 717 1336 babent,
733 1276 861 1338 decernit,
881 1280 907 1324 et
920 1281 974 1326 sta-

36 1363 89 1421 tuit,
102 1365 129 1409 nt
137 1362 244 1422 posthac
255 1363 333 1410 Sacra
343 1361 488 1421 Scriptura,
505 1361 663 1419 potissimum
679 1375 742 1408 vero
752 1362 815 1410 haec
825 1362 880 1422 ipsa
890 1365 973 1422 vebis,

38 1449 59 1492 et
68 1445 164 1505 vulgata
173 1445 263 1505 editio,
274 1459 348 1504 quam
358 1443 563 1492 emendatissime
578 1445 751 1504 imprimatur:
769 1445 884 1503 nullique
897 1446 975 1496 liceat

38 1530 184 1590 imprimere,
199 1528 242 1576 vel
257 1529 368 1588 imprimi
382 1531 468 1578 tacere
481 1529 586 1587 quosvis
602 1529 683 1578 libros
697 1529 728 1578 de
742 1533 818 1578 rebus
829 1531 908 1579 sacris
919 1533 975 1580 sine

39 1615 130 1662 nornine
137 1613 260 1673 auctoris,
270 1627 353 1672 neque
363 1612 424 1660 illos
434 1613 461 1660 in
471 1614 584 1660 futurum
595 1613 719 1674 rendere,
731 1616 775 1662 aut
785 1615 861 1662 etiam
871 1616 937 1674 apud
947 1631 974 1663 se

39 1699 152 1760 retinere,
166 1699 218 1746 nisi
233 1698 341 1758 primum
356 1697 509 1758 examinati,
524 1697 676 1758 probatique
686 1699 783 1746 inerint
792 1702 822 1746 ab
833 1699 975 1758 ordinario,

40 1785 78 1828 sub
90 1796 170 1842 poena
183 1782 364 1842 anathematis,
380 1785 406 1828 et
419 1782 543 1840 pecuniae
556 1783 584 1828 in
598 1783 704 1830 Ganone
719 1783 829 1830 concilii
843 1783 977 1830 novissimi

41 1866 206 1914 bateranensis
217 1865 342 1926 apposita.
377 1865 411 1911 Et
421 1866 443 1914 si
452 1865 585 1924 regulares
595 1866 705 1928 tuerint,
722 1867 789 1914 ultra
805 1867 976 1914 examinatio-

41 1963 97 2012 nem,
107 1959 131 1998 et
140 1952 319 2012 probationem
329 1949 483 2010 hujusmodi,
493 1949 624 1997 licentiam
634 1963 735 2008 quoque
745 1963 760 1998 a
770 1951 823 1998 suis
833 1951 976 2010 superiori-

42 2035 220 2096 busimpetrare
230 2035 382 2093 teneantur,
398 2033 541 2093 recognitis
556 2046 603 2092 per
617 2046 663 2080 eos
677 2034 763 2094 libris,
778 2034 854 2092 juxta
869 2036 978 2082 formam

41 2103 128 2166 suardus
142 2117 341 2166 ordinationum.
378 2117 428 2170 Qui
446 2119 529 2164 antem
546 2117 643 2178 scripto
658 2131 704 2164 eos
719 2118 920 2178 communicant,
937 2119 979 2166 oei

43 2201 162 2263 erugant,
177 2201 229 2250 nisi
242 2203 318 2248 antea
334 2201 483 2262 examinati,
494 2201 645 2261 probatique
655 2201 766 2261 tuerint,
781 2202 876 2250 eisdem
887 2204 978 2262 poenis

43 2286 184 2346 subjaceant,
195 2286 285 2344 quibus
295 2286 472 2346 impressores.
499 2285 534 2332 Et
543 2285 587 2344 qni
596 2299 641 2334 eos
651 2286 796 2346 habuerint,
807 2287 849 2334 vel
858 2287 978 2350 legerint,

43 2368 85 2416 nisi
97 2371 254 2430 prodiderint
269 2372 402 2430 auctores,
421 2383 469 2430 pro
489 2371 636 2418 auctoribus
656 2371 805 2418 habeantur.
840 2373 898 2432 ipsa
914 2387 978 2418 vero

44 2451 174 2510 hujusmodi
183 2455 309 2502 librorum
318 2454 437 2514 probatio
448 2454 587 2512 inscriptis
598 2453 685 2517 detur,
701 2457 776 2512 atque
788 2456 845 2503 ideo
856 2456 883 2503 in
893 2457 979 2504 fronte

45 2535 104 2598 libri,
118 2539 158 2586 rel
170 2539 274 2600 scripti,
293 2539 337 2586 rei
351 2539 469 2598 impressi
481 2538 628 2588 authentice
648 2543 782 2599 appareat,
802 2541 877 2598 idque
890 2543 979 2600 totum,

45 2619 83 2668 hoc
92 2626 140 2684 est,
155 2626 182 2670 et
190 2623 322 2684 probatio,
333 2625 360 2670 ct
369 2637 478 2670 examen
488 2623 568 2682 gratis
578 2624 635 2683 bat,
651 2625 679 2670 ut
688 2625 819 2682 probanda
830 2626 979 2683 probentur,

46 2707 67 2750 et
76 2711 240 2766 reprobentur
255 2707 429 2768 improbanda.
464 2708 526 2754 Post
541 2708 618 2768 haec,
634 2707 802 2756 temeritatem
814 2708 884 2754 iilam
895 2708 980 2768 repri-

45 2801 102 2838 mere
111 2793 215 2852 volens,
230 2805 280 2850 qua
289 2792 321 2838 ad
331 2793 441 2852 protana
450 2805 565 2850 quaeque
575 2793 775 2850 convertuntur,
790 2793 815 2836 et
828 2793 980 2848 torquentur

46 2875 119 2936 rerba,
127 2879 152 2924 et
160 2877 304 2924 sententiae
311 2877 405 2926 Sacrae
412 2877 569 2936 Scripturae,
576 2875 607 2922 ad
617 2873 980 2935 scurriliascilicet,tabulnsa,

46 2967 108 3019 vana,
117 2960 290 3020 adulationes,
302 2960 488 3021 detractiones,
499 2959 711 3020 superstitiones,
721 2958 826 3020 impias,
836 2960 863 3006 et
872 2959 980 3008 diaboli-

47 3052 80 3088 oss
95 3043 294 3104 incantationes,
314 3043 500 3105 divinationes,
525 3045 624 3103 sortes,
643 3041 746 3090 libellos
765 3043 841 3092 etiam
858 3045 980 3102 famosos,

47 3127 142 3188 mandat,
148 3132 174 3176 et
184 3129 316 3188 praecipit,
323 3128 356 3174 ad
364 3129 504 3176 tollendam
513 3127 659 3188 hujusmodi
669 3127 871 3188 irreverentiam,
882 3129 908 3175 et
917 3141 981 3174 con-

48 3208 165 3272 lemptom,
181 3227 213 3260 nc
234 3213 266 3263 de
287 3215 374 3262 cetero
390 3213 521 3272 quisquam
536 3211 727 3271 quomodolibet
742 3213 820 3259 verba
834 3210 981 3270 scripturae

49 3291 127 3342 Sacrae
133 3296 167 3344 ad
175 3297 252 3356 haec,
263 3299 290 3344 et
300 3296 393 3344 similia
403 3297 495 3346 audeat
507 3309 644 3356 usurpare,
654 3297 683 3342 nt
693 3307 781 3341 omnes
792 3293 867 3352 hujus
877 3293 981 3352 generis

48 3372 150 3428 homines
160 3383 337 3442 temeratores,
349 3383 374 3428 et
385 3381 525 3428 violatores
537 3379 609 3428 verbi
618 3379 676 3440 Dei,
685 3380 762 3438 juria,
773 3380 798 3425 et
807 3377 906 3424 arbitrii
917 3391 982 3436 poe-

50 3459 83 3506 uis
91 3475 132 3520 per
140 3464 283 3524 Episcopos
294 3467 470 3514 coerceantur.
525 3479 528 3484 ·

371 3544 649 3595 ...name-
