2206 3880
214 113 492 162 comnnntnnla
521 116 731 164 [satanico.
885 117 947 165 xlx

15 245 165 320 praesentas
189 242 378 300 bibliothecae
404 243 560 302 Vaticanae
585 257 615 302 et
638 244 784 304 Antonius
808 247 947 324 Gnroffe,

19 327 174 384 Cardinalis.
219 324 311 382 Tituli
333 326 470 383 editionis
492 326 631 386 Sittiano
650 329 705 386 duo
725 339 807 400 sunt,
828 349 949 405 quorum

17 414 112 484 primus
137 412 179 466 ita
202 408 300 464 habet:
329 406 423 464 Biblia
445 429 527 466 sacra
545 413 680 487 vulgatae
701 413 835 470 editionis
854 413 946 470 tribus

18 493 104 548 Tomis
123 493 268 548 distincta.
310 489 420 548 Romae
445 511 461 548 e
483 493 673 570 typographia
692 495 841 552 Vaticana.
858 495 945 552 1690.

18 576 58 630 iol.
97 575 180 630 Alter
193 584 249 632 est:
271 571 365 630 Biblia
378 593 460 630 sacra
477 579 613 652 vulgatae
627 577 762 635 editionis
773 579 810 634 ud
823 576 947 634 concilii

19 657 171 714 Tridentini
183 659 391 731 praescriptum
400 659 560 730 emendata,
569 663 670 718 accitis
686 663 758 716 viris
773 661 947 716 doctissimis

17 737 144 797 Flaminio
158 739 267 810 Nobili,
282 738 405 796 Antonio
421 740 552 817 Agellio,
570 739 668 798 Laelio
685 741 844 800 cardinalis
859 740 947 798 Cera-

17 824 54 879 inc
68 823 227 898 Theologo,
240 821 326 878 Petro
341 822 454 880 Marino
470 833 499 880 et
512 825 622 902 Angclo
637 823 734 882 Rocca
753 824 800 905 1),
829 827 863 882 ab
884 828 946 900 ipso

19 905 123 977 Carasa,
142 908 194 982 qui
204 904 271 962 hnic
286 906 407 962 editioni
420 907 561 980 praefuit,
579 919 638 964 eta
653 907 738 965 Sixto
754 908 787 964 V.
801 907 833 964 P.
847 906 886 966 M.
901 927 947 966 rc-

20 992 122 1065 cognita
141 998 172 1044 et
191 988 354 1062 approbata.
397 986 506 1046 Romae
525 1009 562 1046 ex
578 991 769 1068 typographia
782 991 948 1066 Apostolica

21 1071 158 1142 l'aticana,
172 1089 258 1144 opera
271 1069 337 1126 Aldi
351 1069 488 1142 Mauucii,
503 1072 568 1128 Aldi
582 1074 731 1146 abnepotis
748 1073 835 1130 1590.
866 1071 948 1130 Haec

21 1155 105 1224 editio,
118 1172 193 1230 quae
206 1154 292 1228 vulgo
301 1145 422 1210 Sintica
435 1164 566 1226 vocatur,
580 1155 755 1230 bibliophilis
769 1165 798 1210 et
810 1157 948 1212 librorum

21 1237 162 1293 emtoribus
175 1253 292 1310 perraro
306 1235 440 1308 obvenit,
462 1237 596 1294 deformis
616 1240 666 1294 illa
684 1247 728 1292 tot
742 1238 886 1295 erroribus
901 1258 947 1294 so-

22 1320 103 1375 cordia
117 1327 169 1375 aut
180 1316 423 1394 typographorum
437 1329 487 1376 aut
498 1323 628 1376 virorum
640 1321 789 1376 doctorum
801 1323 887 1392 ortis3
915 1330 948 1376 ut

20 1404 128 1475 primum
141 1403 264 1471 rasuris,
278 1401 373 1457 verbis
388 1404 605 1478 superscriptis,
625 1402 738 1459 schedis
754 1402 948 1478 chartulisque

20 1486 174 1560 papyraceis
191 1484 329 1554 annexis,
343 1484 445 1559 quibus
461 1487 602 1542 correctio
616 1487 756 1560 inscripta
770 1496 860 1557 esset,
880 1486 949 1542 huic

20 1570 83 1622 nalo
98 1567 209 1624 mederi
227 1567 323 1622 conati
341 1569 416 1638 sint,
438 1575 500 1626 tum
520 1587 589 1625 vero
610 1587 685 1626 nova
710 1569 852 1640 editione,
877 1588 949 1645 quae

20 1651 112 1722 prodiit
125 1651 244 1723 auspice
257 1651 348 1704 altero
362 1668 528 1706 successore
542 1649 621 1706 sixti
640 1651 674 1706 V.
691 1649 837 1710 Clemente
855 1649 949 1722 Vm,
989 1709 993 1722 ,

22 1729 83 1788 unde
99 1751 206 1790 nomen
223 1730 324 1786 habuit
341 1729 654 1792 Sixto-Clementiana
673 1744 723 1790 aut
743 1733 949 1792 Clementiana.

21 1811 303 1872 Romaea.1592.fol.
324 1812 370 1870 Ea
383 1833 459 1872 nunc
473 1835 602 1872 normam
613 1827 699 1892 atque
713 1819 874 1890 exemplum
883 1836 950 1890 sup-

21 1899 114 1972 peditat
126 1907 226 1957 textus
240 1899 324 1953 latini
337 1897 448 1968 biblici,
461 1900 539 1964 intra
553 1901 704 1955 ecclesiam
717 1897 875 1954 Romanam
884 1917 950 1954 sau-

23 1983 70 2036 citi.
108 1981 265 2040 Vaticanus
276 1989 373 2036 tamen
385 1983 501 2038 criticos
513 1981 642 2038 homines
657 2001 731 2036 saec.
746 1978 829 2037 XVI.
844 1999 901 2035 non
917 2000 950 2036 eo

22 2065 91 2122 nodo
102 2085 171 2122 usos
186 2083 249 2120 esse
263 2061 369 2119 Codice
383 2073 493 2136 nostro,
507 2083 562 2140 quc
577 2064 713 2120 utendum
728 2072 799 2133 erat,
814 2062 886 2119 haec
899 2081 950 2119 no-

23 2157 70 2202 stra
82 2151 141 2222 ipsa
157 2147 246 2204 editio
262 2166 326 2204 cunr
340 2150 481 2203 varietate
497 2149 630 2204 lectionis
646 2149 754 2221 peritos
771 2146 883 2202 abunde
901 2147 951 2202 do-

24 2230 92 2286 cebit.
110 2229 259 2286 Permulta
273 2231 349 2285 enim
364 2231 469 2286 omissa
483 2239 511 2286 et
524 2233 658 2307 neglecta
671 2240 827 2306 sunt,quae
841 2229 878 2284 ad
888 2248 951 2286 cor-

24 2315 167 2370 rectionem
177 2321 275 2370 textus
287 2313 380 2368 bonae
388 2315 447 2382 imo
458 2316 582 2388 optimae
591 2314 685 2389 frugis
697 2323 786 2369 erant.
810 2312 951 2368 Videntur

24 2397 100 2468 igitur
115 2399 162 2452 illi
183 2407 213 2468 et
225 2413 316 2470 pauca
330 2397 511 2470 emendasse,
533 2407 562 2452 et
579 2397 615 2453 ad
628 2397 716 2454 libros
729 2415 816 2452 manu
830 2398 952 2469 scriptos

25 2494 70 2532 unu
80 2481 164 2552 primi
177 2479 228 2536 sed
241 2479 359 2534 secundi
371 2480 488 2536 ordinis.

75 2560 225 2618 Caeterum
237 2561 371 2617 monachi
385 2563 627 2618 montisAmiatae
637 2561 779 2638 quondam
785 2559 951 2618 Benedicti·

25 2644 61 2712 ai,
79 2663 163 2719 quum
180 2663 232 2718 per
252 2663 303 2700 sex
321 2645 411 2700 ferme
425 2647 538 2702 saecula
553 2646 721 2701 coenobium
734 2643 952 2713 habitavissent,

26 2724 176 2804 abantiquo
191 2729 325 2782 instituto
340 2729 456 2784 scurrili
466 2730 645 2805 negligentia
655 2736 685 2784 et
693 2727 850 2782 rebellione
862 2724 953 2780 desci-

26 2819 119 2866 rerunt.
163 2809 233 2864 Inde
255 2807 419 2886 Gregorius
436 2809 495 2868 IX.
517 2810 650 2886 pontifex
674 2828 699 2866 a.
715 2807 900 2882 pontificatus
917 2805 952 2862 ll.

26 2891 61 2944 rel
71 2910 95 2964 p.
107 2889 174 2948 chr.
191 2892 280 2946 1229.
296 2912 345 2948 eos
359 2895 478 2964 amovit,
493 2903 522 2949 et
536 2895 675 2948 inlocum
689 2910 788 2948 eorum
799 2890 954 2947 succedere

24 2973 95 3040 jussit
120 2975 252 3032 ordinem
276 2972 533 3046 cirterciensium,
560 2976 708 3031 doctrinae
735 2975 954 3048 sanctitatisque

26 3052 94 3111 laude
113 3056 272 3114 florentem.
317 3055 502 3134 Tandemque
524 3061 629 3114 iterum
646 3067 711 3132 post
733 3066 798 3112 octo
816 3057 878 3112 sere
892 3075 954 3112 sae-

27 3186 354 3204 *m

81 3273 106 3331 1)
124 3275 198 3320 Hunc
208 3273 289 3319 ritum
301 3275 370 3320 credi
380 3275 418 3321 fas
429 3279 468 3321 est
476 3281 605 3324 auctorem
616 3288 795 3332 suasoremque
805 3274 885 3320 fuisse
900 3273 955 3318 col·

30 3334 92 3398 legis,
108 3345 137 3387 nt
151 3341 235 3388 codex
245 3355 259 3387 e
269 3343 425 3388 monasterio
435 3341 549 3390 dmiatae
558 3344 651 3390 montis
661 3345 766 3388 Romam
775 3341 954 3386 arresseretur.

29 3401 50 3446 l'·
60 3405 137 3454 locum
147 3423 180 3458 ex
191 3409 248 3466 ejus
258 3409 371 3456 biblioth.
386 3410 517 3458 Vaticana
527 3425 603 3469 snpra
613 3409 749 3457 excitatum
757 3421 782 3466 p.
792 3407 871 3452 XVII.
