2206 3880
226 140 737 191 coMnENTATIorsaaualcn.
831 150 950 198 mvn

11 281 85 340 sunt,
107 270 242 326 solebant
260 271 321 348 legi
342 281 371 326 ct
383 274 562 346 comparari,
582 273 634 329 scd
651 275 786 352 fugitivis
800 282 892 338 oculis
904 285 951 338 in-

12 356 85 428 spici.
130 352 282 424 Attamen,
297 363 331 409 ut
342 355 391 424 fit,
410 373 462 428 per
474 358 532 410 tria
545 357 637 412 ferme
651 362 765 415 saecule
777 366 950 422 auctoritate

11 446 153 492 tantorum
161 438 292 492 virorum
305 436 341 492 ad
349 436 482 501 Sentice-i,
492 437 627 517 Bangels,
640 439 799 499 Wetslem'i
807 454 836 500 et
847 444 947 504 Grise-

11 518 103 574 lecln‘i
121 528 249 574 aetatem
268 518 318 575 bic
334 528 433 574 textus
452 524 596 577 communi
612 522 750 601 suffragio
769 528 817 582 vel
829 546 948 584 cousue-

12 602 103 656 tudine
116 601 322 678 theologorum
333 600 433 658 floruit
450 611 479 658 et
492 604 635 660 satisfecit
648 609 809 682 aequalium
822 614 948 668 necessi·

12 685 118 739 tatibus.
167 682 395 756 Grieeduchins,
417 687 464 741 vir
476 689 693 759 meritissimus,
713 691 805 748 denuo
818 712 889 768 opus
902 697 947 750 in-

13 785 75 842 gens
87 785 246 844 aggressus
261 775 316 840 est3
342 770 507 825 innumeros
523 771 635 827 codices
650 777 773 830 contulit
786 785 837 832 aut
851 777 947 833 confe-

12 850 106 906 rendos
120 852 252 921 curarit,
274 850 408 906 distinxit
413 851 558 922 familias
571 856 618 910 vel
631 860 830 929 recensiones,
849 861 890 916 ita
903 869 946 916 tu-

12 951 83 1004 nen,
105 943 140 989 ut
154 951 255 988 eurum
268 951 418 990 numerum
432 937 518 990 nimis
532 946 669 1011 augeret,
684 941 767 1015 sigua
780 941 946 1000 distinctiva

13 1017 152 1072 nonsatis
174 1025 254 1072 certa
272 1025 300 1071 et
313 1017 458 1072 interdum
471 1019 698 1076 contradicentia
715 1033 849 1096 poneret,
868 1035 897 1080 et
914 1029 946 1082 in

12 1101 68 1154 aliis
87 1100 223 1154 minutiis
242 1109 368 1169 erraret,
396 1119 465 1174 quus
484 1111 647 1156 nostrorum
669 1103 780 1160 dierum
804 1106 945 1184 philologi

13 1181 197 1254 perviderunt.
240 1179 281 1236 Et
297 1180 352 1236 boc
372 1184 402 1236 iu
423 1202 456 1238 eo
481 1183 744 1258 reprehendendum
767 1198 843 1256 erat,
870 1191 945 1264 quod

13 1273 112 1319 textum
125 1272 277 1338 receptum
290 1282 348 1320 non
360 1266 444 1338 plane
457 1268 570 1339 rejecit,
585 1267 634 1322 sed
647 1270 753 1341 passim
766 1271 942 1341 emendavit3

14 1365 60 1420 qno
71 1347 182 1403 lactum
196 1357 250 1417 est,
263 1355 298 1402 ut
318 1346 479 1404 semifultus
493 1348 529 1403 ad
546 1359 676 1423 posteros
689 1352 859 1408 mederetur.
900 1352 943 1408 lta

13 1439 109 1485 stante
122 1439 154 1484 ct
167 1438 234 1504 post
250 1428 472 1486 Grieebncbium
491 1433 622 1487 solebant
640 1452 777 1490 exercere
789 1455 820 1491 se
833 1435 943 1492 theolo-
996 1449 1002 1462 '

13 1515 37 1586 gi
54 1515 153 1568 critica
172 1513 257 1586 praxi
276 1513 357 1587 quusi
379 1515 595 1588 conglutinante
609 1515 730 1590 disjecta
743 1518 880 1590 membra,
894 1520 943 1576 ab·

13 1605 93 1668 rupta,
105 1596 323 1670 fragmentaria.
353 1592 388 1649 Α.
402 1594 509 1652 Scboln
523 1600 641 1673 egregie
653 1601 840 1674 locupletarit
852 1602 943 1658 sarra

14 1679 95 1750 ginem
114 1678 263 1748 codicum,
285 1677 379 1732 sedin
393 1697 426 1732 co
440 1683 561 1734 recessit
578 1699 596 1736 a
611 1700 698 1752 vero,
721 1684 797 1758 quod
814 1687 843 1738 in
862 1685 943 1740 libris

14 1761 161 1830 inferioris
174 1762 289 1830 aetatis,
304 1779 375 1836 quos
387 1758 564 1836 Byzantinae
576 1763 703 1820 familiae
716 1766 878 1840 adscripsit,
891 1786 942 1843 ge-

14 1845 119 1899 nuinum
131 1853 248 1899 textum
262 1861 398 1918 graecum
412 1845 502 1900 latere
516 1846 571 1900 sibi
585 1858 780 1920 pemraserut3
802 1852 942 1923 antiquis·

14 1926 87 1981 simos
104 1935 195 1982 testes
213 1927 346 2000 opinatus
367 1927 548 1982 librariorum
567 1927 828 1986 Alexandrinorum
848 1933 942 2006 negli-

14 2011 98 2080 gentia
120 2019 151 2064 et
175 2009 257 2064 salsis
275 2007 377 2064 studiis
399 2009 573 2066 adulteratus
597 2011 821 2087 depravatosque
843 2013 941 2068 luisse.

14 2090 94 2153 Quare
104 2093 171 2166 plus
185 2092 289 2146 tribuit
300 2093 519 2162 recentioribus,
534 2111 618 2167 quam
631 2095 841 2168 antiquioribus
855 2095 942 2152 docn-

14 2177 111 2229 mentis.
151 2173 184 2230 ld
197 2175 312 2249 quidem
325 2193 412 2250 aegre
424 2177 554 2230 tulerunt
566 2175 784 2253 refutaruntque
798 2181 943 2254 aequales,

15 2254 150 2328 docentes,
168 2277 187 2312 a
204 2253 341 2314 Sebolzic
362 2261 543 2332 conjecturas
561 2259 697 2334 quasdam
714 2258 867 2317 historicos
885 2279 944 2316 non

17 2349 82 2394 recte
93 2342 228 2396 inventas
243 2342 484 2415 concinnatasque
498 2361 570 2411 esse,
584 2351 617 2397 ut
629 2361 697 2398 suae
711 2347 870 2400 sententiae
883 2347 943 2418 pri·

17 2424 108 2477 uariae
125 2423 216 2478 robur
234 2422 392 2477 accederet.
436 2421 565 2478 Tandem
578 2423 784 2482 Lachmannus
802 2427 876 2482 vidit
893 2445 943 2482 ve-

17 2519 81 2576 rum,
101 2507 228 2562 clamans
246 2506 441 2581 probansque,
463 2507 549 2562 unice
561 2508 733 2582 sequendam
746 2529 808 2568 esse
822 2509 943 2565 bitteri-

18 2604 70 2640 ccn
84 2588 270 2643 traditionem
289 2590 515 2644 consentientem
532 2591 716 2646 orientalium
734 2601 763 2646 et
780 2592 943 2647 occidente·

17 2666 73 2722 lium
86 2673 273 2726 ecclesiarum
285 2673 316 2725 iu
328 2671 484 2741 codicibus,
498 2673 691 2744 versionibus,
703 2671 851 2744 Patribus;
872 2682 904 2728 ut
918 2675 944 2728 si

17 2766 62 2804 non
72 2771 149 2824 vera,
162 2763 260 2810 tamen
273 2771 306 2808 ea
318 2755 405 2808 lectio
420 2754 586 2830 detegatur,
599 2775 672 2829 quae
686 2773 759 2811 saec.
773 2754 820 2809 lv.
833 2774 860 2829 p.
876 2752 942 2810 chr.

17 2833 154 2902 plurimum
166 2845 326 2912 propagata
338 2835 426 2891 fuisse
440 2837 562 2892 videtur.
601 2835 634 2891 ln
649 2839 836 2914 ambiguitate
848 2846 944 2894 autem

17 2917 115 2972 testium
129 2918 271 2989 Orientis,
286 2919 356 2974 duce
370 2915 514 2994 Origene,
532 2919 709 2991 Occidentis,
724 2919 847 2977 Irenaeo
860 2938 943 2995 prae·

17 3008 103 3069 erute,
115 3003 194 3056 ultra
207 2999 259 3056 bos
273 3002 316 3057 fas
331 3010 375 3057 cst
384 3002 532 3075 judicare,
551 3005 615 3058 aliis
629 3005 780 3058 momentis
794 3011 823 3060 et
839 3005 942 3074 musis,

17 3079 55 3134 red
71 3085 282 3156 circumspecte.
306 3082 432 3140 Texturn
444 3083 587 3139 bisterice
594 3086 752 3159 probatum
766 3084 826 3155 lV.,
840 3089 866 3142 si
878 3085 943 3142 fieri

17 3166 100 3234 possit,
112 3185 139 3239 p.
149 3164 216 3220 Chr.
226 3168 334 3222 saeculi
344 3159 436 3243 (ultra
450 3169 526 3221 enim
535 3167 671 3242 progredi
685 3170 715 3222 iu
729 3168 842 3224 defectu
855 3169 942 3224 docu-

18 3255 161 3303 mentorum
180 3267 239 3302 non
256 3247 340 3328 licet)
360 3250 529 3306 tentandum
543 3259 597 3319 est,
612 3258 643 3304 ut
656 3250 854 3326 adsequamur,
869 3268 942 3305 novo

19 3321 143 3386 Herculeo
158 3331 266 3402 labore,
279 3341 448 3406 praeparato
462 3332 575 3407 quidem
590 3331 624 3386 ab
641 3333 880 3402 antecessoribus,
894 3332 944 3388 sed

20 3425 44 3461 oc
55 3414 92 3466 sic
105 3413 219 3490 quidem
233 3415 268 3470 ab
282 3433 338 3471 uno
352 3413 467 3472 bomine
480 3414 662 3488 perficiendo.
704 3413 736 3469 ln
750 3434 806 3489 qua
819 3435 852 3470 re
864 3424 943 3469 acta-

927 3781 1086 3850 A
