2206 3880
123 149 194 194 bxn
291 148 506 192 GLEMENTIS
530 147 653 190 PAPAE
677 145 902 188 PRAEFATIO.

125 277 229 335 quisque
243 275 358 322 ecclesiis
373 278 398 320 et
410 274 630 332 jurisdictionibus
641 276 671 320 ab
682 272 799 319 omnibus
809 272 934 319 iuviolate
944 274 1079 330 perpetuo

125 359 257 407 observari
271 363 360 406 curent
374 371 403 404 ac
422 357 522 403 iaciant.
558 355 767 404 Contradictores
785 369 831 414 per
846 369 972 402 censuras
991 355 1080 402 ecele-

125 443 254 504 siasticas,
273 443 374 498 alisque
392 443 535 498 opportuna
550 441 617 498 juris
633 443 659 488 et
674 439 735 486 lacti
748 439 874 499 remedia,
895 437 1078 497 appellatione

124 527 276 584 postposita,
297 524 494 582 compescendo,
513 524 633 570 invocato
651 525 725 570 etiam
740 523 772 570 ad
784 524 847 582 boc,
867 523 889 569 si
903 537 970 581 opus
986 525 1077 579 fuerit,

125 611 222 657 auxilio
234 608 330 656 brachii
346 607 497 665 saecularis,
515 621 568 653 uon
579 609 735 654 obstantibus
746 607 985 665 constitutionibus,
994 609 1023 652 et
1033 619 1076 652 or-

126 692 296 739 dinationibus
319 691 480 749 apostolicis,
504 704 534 738 ac
552 691 579 737 in
597 691 773 751 generalibus,
794 689 1015 749 provincialibus,
1037 690 1077 735 vel

126 775 290 834 synodalibus
305 775 427 821 conciliis
441 775 515 822 editis
532 775 708 834 generalibus,
723 775 765 822 vel
779 774 945 834 specialibus,
960 786 996 820 ac
1012 787 1076 830 qua-

125 871 280 916 rumcunque
290 858 469 918 ecclesiarum,
482 859 611 918 ordinum,
630 859 871 918 congregationum,
887 857 1074 916 collegiorum,

127 947 202 1000 atque
213 941 418 1002 universitatum,
434 943 509 990 etism
519 943 662 990 studiorum
673 941 830 1000 generalium
837 942 999 1001 juramento,
1012 955 1074 988 con-

126 1027 268 1074 firmatione
283 1027 437 1086 apostolica,
453 1027 495 1074 vel
509 1027 597 1084 quavis
607 1026 724 1074 firmitate
738 1026 789 1074 alia
802 1027 943 1086 roboratis,
959 1027 1073 1084 stemus,

127 1115 154 1158 et
168 1110 404 1169 consuetudinibus,
419 1123 449 1157 ac
464 1109 619 1168 privilegiis,
635 1109 751 1167 indultis,
768 1124 797 1158 ac
811 1111 903 1159 litteris
917 1110 1072 1168 apostolicis

126 1196 153 1244 in
172 1195 327 1242 contrarium
346 1193 574 1251 quomodocunque
594 1193 730 1252 emunctis,
752 1197 780 1240 et
796 1194 956 1240 emanaudis:
983 1195 1073 1250 quibus

127 1279 241 1326 omnibus
252 1279 359 1326 adhunc
370 1279 487 1324 ellectum
501 1275 622 1324 latissime
633 1277 797 1336 derogamus,
814 1291 843 1324 ac
854 1277 1007 1335 derogatum
1018 1291 1072 1323 esse

125 1343 292 1410 decernimus.
327 1361 449 1407 Volumus
468 1363 564 1420 autem,
583 1364 611 1408 ut
629 1361 802 1420 praesentium
815 1361 982 1420 transumptis
999 1362 1073 1406 etiam

126 1447 154 1492 ln
163 1447 224 1504 ipsis
236 1445 409 1492 voluminibus
417 1445 546 1503 impressis
556 1445 656 1505 eadem,
667 1445 799 1504 injudicio
810 1449 835 1494 et
844 1448 931 1503 extra,
941 1443 1008 1492 fides
1019 1444 1073 1489 ubi-

127 1543 176 1586 que
190 1529 350 1588 adhibentur,
368 1529 502 1587 quaeipsis
515 1530 690 1587 praesentibus
705 1529 879 1589 adhiberetur,
895 1529 916 1576 si
926 1529 1019 1576 forent
1028 1541 1073 1574 ex-

127 1611 220 1660 hibitae
232 1612 273 1660 vel
283 1615 408 1660 ostensae.

162 1736 219 1780 Dat.
233 1736 340 1793 Romae,
355 1735 420 1793 apud
434 1737 459 1783 S.
474 1737 577 1782 Petrum
591 1738 636 1783 sub
652 1735 755 1782 Annulo
769 1735 906 1783 Piscatoris
921 1733 962 1781 die
979 1737 1005 1780 o.
1021 1735 1073 1780 No-

197 1802 314 1862 vembris,
325 1805 399 1849 1592.
428 1804 523 1851 Pontii.
533 1805 617 1850 nostri
627 1805 702 1850 Auno
713 1807 736 1849 1.

551 1999 598 2066 M.
628 2001 799 2064 Vusrurus
827 1997 1034 2062 Bsnursuus.
