2206 3880
154 137 255 184 xxm
363 133 638 180 conmeantum
667 131 875 177 mansores.

154 269 282 325 neralior
299 268 338 322 sit
358 265 510 322 sententia.
548 262 583 333 6,
603 263 652 318 20.
667 271 839 340 peccantem
858 280 909 337 pro
923 272 1094 340 peccantes,

149 345 215 414 ’τοὺς
234 343 437 422 ἁμαρτάνοντας.
474 349 509 416 6,
529 346 558 400 4.
569 363 711 423 pugnans
729 346 880 401 certorum
902 363 954 419 pro
975 364 1093 423 pugnas

154 435 318 499 ver-torum,
336 429 507 502 λογομαχίας,
528 428 702 503 quodquam
714 446 732 483 a
744 427 874 502 praeced.
891 427 950 500 napi
962 429 1092 502 pendeat,

156 517 191 572 de
208 516 299 572 nihilo
317 522 365 569 vest
379 510 479 567 Nostri
497 512 628 566 mutatio.
660 513 695 581 o,
719 512 765 565 16.
781 509 873 566 ἱαοοια
891 509 1036 566 habitans
1050 529 1091 584 pro

156 609 186 657 st
205 598 297 654 lacem
318 594 476 651 inhabitat.
518 591 625 648 Noster
641 602 706 668 apte
723 595 813 650 vertit
833 593 869 648 ad
887 591 942 662 φῶς
954 589 1043 648 cissis.
1069 596 1091 664 6,

158 683 204 737 17.
222 679 343 756 superbe
361 695 467 754 sapere
484 695 535 750 pro
556 675 676 732 sublime
694 693 818 752 sapere,
843 670 878 746 μὴ
900 671 1091 748 ὑψηλοφρονεῖν.

155 761 299 836 Receptus
316 761 492 829 accuratior,
514 757 620 814 Noster
633 757 681 814 hic
695 759 918 833 elegantior.-
883 760 961 813 2
975 756 1055 814 Τιιιι
1068 759 1091 828 2,

155 848 183 901 6.
193 847 386 921 accipercpro
391 835 780 919 perciperepmtcpstvca
773 839 951 897 ·Amiatinus
963 849 1088 897 recte.-

218 925 311 982 Aliam
325 927 455 1001 syllogcn
468 923 656 1000 adjungamus
669 944 686 979 e
699 925 793 980 literis
807 923 964 980 catholicis.
986 925 1001 978 l
1021 922 1089 1002 ¹³⁰4

155 1011 286 1082 2,12.ἰιι
299 1028 330 1064 eo
345 1009 420 1084 quod
433 1006 592 1065 detrahant
601 1026 653 1080 pro
664 1010 695 1063 in
709 1025 741 1063 eo
754 1009 832 1082 quod
844 1009 1053 1077 detrectant,'
1040 1005 1089 1076 ινῴ

154 1089 352 1148 καταλαλοῦσιν.
383 1090 419 1161 2,
440 1089 487 1145 14.
504 1091 546 1147 ad
563 1091 725 1146 vindictam
744 1088 887 1144 maloram
904 1107 956 1163 pro
980 1092 1024 1147 ad
1036 1092 1087 1145 cir·

156 1179 265 1235 dictam
278 1171 518 1245 malefactorem,
527 1169 563 1233 οἷς
574 1171 699 1241 ἐκδίκησιν
711 1169 858 1226 κακοποιῶν
862 1193 871 1236 ,·
886 1191 923 1226 ex
937 1173 1086 1246 oppositio-

154 1261 200 1315 nis
214 1261 278 1335 lege
301 1249 447 1333 (sequitur
461 1256 537 1310 enim
554 1249 747 1336 ἀγαθοποιῶν)
770 1272 829 1310 ιιοιι
847 1254 1036 1312 dubitandum
1053 1265 1087 1309 est

154 1342 189 1397 de
200 1342 324 1396 leotrone
336 1345 460 1411 recepta
493 1338 529 1407 2,
544 1339 593 1394 24.
606 1348 639 1394 at
645 1340 783 1416 peccatis
798 1340 907 1394 mortue
911 1356 971 1415 per
985 1337 1086 1413 lignea

152 1426 312 1481 viveremus
326 1439 377 1495 pro
391 1427 424 1475 ut
431 1423 569 1515 peccatis
581 1423 693 1478 mortui
697 1421 843 1495 justitiae
855 1423 1003 1489 vivamus,
1030 1438 1086 1475 con-

152 1514 262 1562 stanter
274 1522 305 1559 ιιι
312 1501 362 1558 Gr
371 1521 403 1574 τῃ
391 1496 568 1574 δικαιοσύνῃ
580 1499 701 1576 ζήσωμεν.
716 1501 803 1559 Nulla
816 1511 860 1558 est
870 1502 949 1559 codd.
958 1504 1086 1560 varietas.

152 1587 253 1644 Nostri
266 1587 358 1662 ig‘tnr
369 1587 491 1641 mutatio
504 1603 563 1641 non
577 1588 718 1642 correctio
733 1595 791 1657 est,
814 1585 864 1641 sed
883 1587 1003 1641 arbitrio
1019 1585 1096 1668 factal

151 1679 203 1726 aut
214 1688 312 1726 errore
326 1667 445 1724 scribae
474 1668 509 1738 3,
525 1669 597 1724 8ιιι
604 1669 671 1739 fide
685 1677 783 1724 autem
796 1687 847 1742 pro
862 1688 893 1723 m
900 1668 981 1740 fiae,
1001 1663 1083 1723 sed
1064 1689 1085 1721 τι

151 1752 230 1807 di'i
190 1773 216 1806 τε
231 1772 271 1817 ος,
291 1751 366 1828 quod
377 1769 476 1807 omnes
488 1751 633 1822 referunt,
646 1769 704 1808 non
717 1752 845 1807 admittit
858 1751 943 1806 aliud.
987 1749 1042 1806 Est
1053 1754 1084 1806 le

152 1837 209 1892 ctio
228 1836 264 1891 ob
284 1835 461 1911 dogmaticas
480 1835 687 1890 causasfaeta
721 1835 755 1905 3,
775 1835 825 1890 26.
846 1833 1025 1910 expectabat
1037 1833 1086 1890 Dei

151 1919 306 1976 clementia
323 1936 375 1992 pro
401 1918 614 1994 exspectabant
633 1916 695 1975 Dei
707 1919 906 1994 patientiam,
928 1915 964 1972 ad
981 1919 1084 1972 literan

152 2003 280 2058 concinit
294 2019 360 2058 clun
371 1994 536 2070 ἆποξεὸέχπο
549 1995 626 2070 ieci
636 1998 707 2056 6οοῦ
719 1999 899 2073 μακροθυμία,
913 2017 1001 2075 quum
1014 2019 1084 2055 rece-

149 2093 217 2160 ptus
230 2086 336 2140 latinus
351 2102 437 2140 sensu
451 2084 642 2142 commodiore
656 2084 810 2140 destitutus
822 2086 868 2138 sit.
894 2084 925 2153 4,
943 2083 968 2137 l.
985 2085 1083 2141 desita

147 2169 282 2244 pcccatis
302 2184 354 2240 pro
378 2168 468 2223 desiit
482 2188 501 2223 a
512 2169 663 2243 peccatis,
684 2167 816 2220 πέπαυται
835 2161 969 2238 ipericius.
996 2166 1032 2235 4,
1047 2165 1082 2219 ll.

149 2250 285 2325 quoniam
305 2247 420 2323 gloriar
434 2246 495 2306 Dei
516 2251 643 2325 spiritus
661 2251 692 2306 in
706 2249 785 2306 vodis
803 2250 961 2325 requiescit
975 2249 1011 2304 ad
1025 2247 1082 2302 aliis

151 2329 370 2406 blasphematus
388 2349 407 2384 a
424 2331 504 2388 cobis
530 2341 627 2387 autem
645 2330 859 2430 honorificatus
884 2349 935 2406 pro
952 2333 1082 2428 ‘quonian

151 2414 228 2489 quod
240 2422 285 2468 est
298 2412 431 2482 honoris,
453 2412 583 2491 gloriae,
599 2421 628 2469 et
639 2417 686 2472 cis·
689 2417 762 2471 tatis
775 2413 850 2483 Dei,
866 2415 958 2490 etqui
972 2423 1017 2469 est
1031 2433 1057 2485 οι
1059 2429 1082 2468 ιι

150 2493 299 2571 Spiritus,
319 2511 409 2571 saper
428 2513 478 2552 vos
495 2499 665 2573 requiescit.
708 2495 815 2594 Noster
828 2516 902 2552 unus
919 2515 987 2552 vere
1000 2471 1082 2551 reddit

153 2574 280 2648 Graeca,
293 2577 343 2633 sed
356 2578 534 2652 aliquantum
548 2588 711 2637 contracta:
735 2574 776 2634 ὅτι
787 2574 818 2634 τὸ
827 2577 876 2647 τῆς
888 2572 964 2647 δόξης
981 2577 1035 2653 [καὶ
1049 2576 1094 2631 tu·

150 2655 260 2758 scipsas]
277 2655 364 2714 καὶτὸ
377 2679 425 2714 του
414 2659 507 2716 scot
518 2658 621 2732 ascripta
635 2657 702 2732 ἑφ’“
688 2660 755 2733 υμᾶς
768 2657 942 2726 ἀναπαύεται,
963 2656 1030 2715 κατὰ
1047 2659 1094 2732 μὲν

151 2735 246 2805 aitands
264 2741 465 2815 βλασφημεῖται,
487 2739 554 2798 κατὰ
577 2741 641 2798 di‘
626 2742 694 2816 ομᾶς
712 2739 854 2810 δοξάζεται.
896 2743 978 2800 Unus
997 2740 1081 2800 Lacl-

150 2843 273 2882 massnas
290 2828 390 2900 reJicit
410 2826 513 2898 verba,
532 2845 604 2901 quae
616 2829 648 2882 in
661 2837 776 2903 recepto
790 2830 880 2884 latino
896 2828 1013 2898 desunt,
1029 2831 1094 2888 cunt

149 2908 272 2964 testibus
286 2911 396 2984 aliquot
409 2911 596 2965 orientalibus
614 2911 735 2986 aliisque
750 2913 963 2967 nonnullis-
986 2908 1045 2966 lac.
1057 2908 1079 2974 2,

150 2991 199 3045 26.
214 2992 309 3048 otiosa
324 2999 369 3046 est
381 3010 433 3065 pro
447 3001 563 3049 mortua
578 3000 630 3047 est
654 2992 747 3070 Vulgo
761 2991 850 3066 νεκρὰ,
862 2995 894 3048 in
907 2991 1079 3068 paucioribus

150 3071 285 3130 subsidiis
296 3077 440 3147 reperitur
453 3069 705 3150 dpyi1,quod'srne
722 3077 831 3132 indicio
844 3084 1093 3153 argumentorum,

150 3165 183 3210 ut
195 3156 280 3226 solet,
293 3158 403 3230 recepit
416 3155 621 3214 Lacdmaaaus
634 3177 714 3214 rnore
727 3177 778 3216 suo
791 3161 962 3215 taciturnus

215 3235 318 3308 lJo.l,
330 3239 356 3293 l.
363 3248 619 3312 temtaverentpro
631 3234 1093 3326 οοιιινοοιιιοονιινιϊ,ἐψηλάφησαν

149 3317 197 3376 Ex
216 3318 271 3376 hac
290 3279 514 3392 diversitate,
491 3341 516 3377 ιι
537 3321 610 3376 nihil
627 3323 720 3394 aliud,
742 3324 863 3380 discitur
883 3333 960 3379 certe
974 3299 1093 3398 antiqnsl

148 3413 276 3476 potestas
287 3421 351 3461 soc
366 3411 503 3477 teastarc,
518 3405 594 3480 quod
604 3414 664 3462 est:
673 3406 803 3484 paleare
817 3408 889 3482 qaid
899 3408 1042 3478 manitus,
1055 3409 1078 3460 at
