<?xml version="1.0" encoding="UTF-8"?>
<!DOCTYPE html PUBLIC "-//W3C//DTD XHTML 1.0 Transitional//EN"
    "http://www.w3.org/TR/xhtml1/DTD/xhtml1-transitional.dtd">
<html xmlns="http://www.w3.org/1999/xhtml" xml:lang="en" lang="en">
 <head>
  <title>
</title>
<meta http-equiv="Content-Type" content="text/html;charset=utf-8" />
  <meta name='ocr-system' content='tesseract 3.04.00' />
  <meta name='ocr-capabilities' content='ocr_page ocr_carea ocr_par ocr_line ocrx_word'/>
</head>
<body>
  <div class='ocr_page' id='page_1' title='image "./novumtestamentu00flecgoog/novumtestamentu00flecgoog_0014.png"; bbox 0 0 2206 3880; ppageno 0'>
   <div class='ocr_carea' id='block_1_1' title="bbox 111 167 841 222">
    <p class='ocr_par' dir='ltr' id='par_1_1' title="bbox 111 167 841 222">
     <span class='ocr_line' id='line_1_1' title="bbox 111 167 841 222; baseline 0.007 -10"><span class='ocrx_word' id='word_1_1' title='bbox 111 169 146 212; x_wconf 83' lang='lat' dir='ltr'><strong>lv</strong></span> <span class='ocrx_word' id='word_1_2' title='bbox 323 167 597 222; x_wconf 73' lang='grc' dir='ltr'><strong>ΟΟΜΜΕΝΤᾼΤΙΟ</strong></span> <span class='ocrx_word' id='word_1_3' title='bbox 626 170 841 216; x_wconf 72' lang='lat' dir='ltr'><strong>maenalus.</strong></span> 
     </span>
    </p>
   </div>
   <div class='ocr_carea' id='block_1_2' title="bbox 103 293 1095 3276">
    <p class='ocr_par' dir='ltr' id='par_1_2' title="bbox 103 293 1095 3276">
     <span class='ocr_line' id='line_1_2' title="bbox 111 293 1095 372; baseline 0 -18"><span class='ocrx_word' id='word_1_4' title='bbox 111 311 207 372; x_wconf 87' lang='lat' dir='ltr'><strong>opere,</strong></span> <span class='ocrx_word' id='word_1_5' title='bbox 221 295 296 372; x_wconf 89' lang='lat' dir='ltr'><strong>quod</strong></span> <span class='ocrx_word' id='word_1_6' title='bbox 308 297 404 354; x_wconf 91' lang='lat' dir='ltr'><strong>indole</strong></span> <span class='ocrx_word' id='word_1_7' title='bbox 417 315 468 354; x_wconf 87' lang='lat' dir='ltr'><strong>sua</strong></span> <span class='ocrx_word' id='word_1_8' title='bbox 480 299 538 354; x_wconf 89' lang='lat' dir='ltr'><strong>tale</strong></span> <span class='ocrx_word' id='word_1_9' title='bbox 552 308 613 371; x_wconf 87' lang='lat' dir='ltr'><strong>est,</strong></span> <span class='ocrx_word' id='word_1_10' title='bbox 627 302 704 357; x_wconf 88' lang='lat' dir='ltr'><strong>utin</strong></span> <span class='ocrx_word' id='word_1_11' title='bbox 718 302 873 357; x_wconf 87' lang='lat' dir='ltr'><strong>multorum</strong></span> <span class='ocrx_word' id='word_1_12' title='bbox 886 317 991 356; x_wconf 86' lang='lat' dir='ltr'><strong>manus</strong></span> <span class='ocrx_word' id='word_1_13' title='bbox 1007 317 1066 356; x_wconf 85' lang='lat' dir='ltr'><strong>ve-</strong></span> <span class='ocrx_word' id='word_1_14' title='bbox 1093 293 1095 320; x_wconf 84' lang='lat'><strong>¹</strong></span> 
     </span>
     <span class='ocr_line' id='line_1_3' title="bbox 109 379 1095 460; baseline 0.001 -24"><span class='ocrx_word' id='word_1_15' title='bbox 109 381 187 454; x_wconf 81' lang='lat' dir='ltr'><strong>nist,</strong></span> <span class='ocrx_word' id='word_1_16' title='bbox 210 387 239 434; x_wconf 92' lang='lat' dir='ltr'><strong>et</strong></span> <span class='ocrx_word' id='word_1_17' title='bbox 259 383 324 438; x_wconf 84' lang='lat' dir='ltr'><strong>usui</strong></span> <span class='ocrx_word' id='word_1_18' title='bbox 338 383 480 438; x_wconf 88' lang='lat' dir='ltr'><strong>cultorum</strong></span> <span class='ocrx_word' id='word_1_19' title='bbox 493 383 659 455; x_wconf 75' lang='lat' dir='ltr'><strong>literanum,</strong></span> <span class='ocrx_word' id='word_1_20' title='bbox 678 379 822 460; x_wconf 88' lang='lat' dir='ltr'><strong>quotquot</strong></span> <span class='ocrx_word' id='word_1_21' title='bbox 830 391 897 440; x_wconf 89' lang='lat' dir='ltr'><strong>sunt</strong></span> <span class='ocrx_word' id='word_1_22' title='bbox 909 385 959 460; x_wconf 89' lang='lat' dir='ltr'><strong>qui</strong></span> <span class='ocrx_word' id='word_1_23' title='bbox 975 382 1065 438; x_wconf 89' lang='lat' dir='ltr'><strong>codi-</strong></span> <span class='ocrx_word' id='word_1_24' title='bbox 1093 383 1095 396; x_wconf 88' lang='grc'><strong>’</strong></span> 
     </span>
     <span class='ocr_line' id='line_1_4' title="bbox 112 463 1065 541; baseline 0.001 -23"><span class='ocrx_word' id='word_1_25' title='bbox 112 479 159 519; x_wconf 86' lang='lat' dir='ltr'><strong>ees</strong></span> <span class='ocrx_word' id='word_1_26' title='bbox 173 473 313 539; x_wconf 85' lang='lat' dir='ltr'><strong>quaerunt</strong></span> <span class='ocrx_word' id='word_1_27' title='bbox 326 473 355 519; x_wconf 91' lang='lat' dir='ltr'><strong>et</strong></span> <span class='ocrx_word' id='word_1_28' title='bbox 367 463 423 519; x_wconf 91' lang='lat' dir='ltr'><strong>hoc</strong></span> <span class='ocrx_word' id='word_1_29' title='bbox 437 482 544 541; x_wconf 80' lang='lat' dir='ltr'>genere</span> <span class='ocrx_word' id='word_1_30' title='bbox 557 466 716 522; x_wconf 88' lang='lat' dir='ltr'><strong>studiorum</strong></span> <span class='ocrx_word' id='word_1_31' title='bbox 727 467 918 536; x_wconf 84' lang='lat' dir='ltr'><strong>delectantur,</strong></span> <span class='ocrx_word' id='word_1_32' title='bbox 929 467 1065 535; x_wconf 78' lang='lat' dir='ltr'><strong>serviat3</strong></span> 
     </span>
     <span class='ocr_line' id='line_1_5' title="bbox 110 545 1095 625; baseline 0 -23"><span class='ocrx_word' id='word_1_33' title='bbox 110 554 223 617; x_wconf 85' lang='lat' dir='ltr'><strong>tamen,</strong></span> <span class='ocrx_word' id='word_1_34' title='bbox 237 555 269 601; x_wconf 92' lang='lat' dir='ltr'><strong>ut</strong></span> <span class='ocrx_word' id='word_1_35' title='bbox 282 546 333 618; x_wconf 89' lang='lat' dir='ltr'><strong>fit,</strong></span> <span class='ocrx_word' id='word_1_36' title='bbox 346 545 547 624; x_wconf 78' lang='lat' dir='ltr'><strong>theologorum</strong></span> <span class='ocrx_word' id='word_1_37' title='bbox 559 549 658 605; x_wconf 90' lang='lat' dir='ltr'><strong>oculos</strong></span> <span class='ocrx_word' id='word_1_38' title='bbox 671 558 700 604; x_wconf 92' lang='lat' dir='ltr'><strong>et</strong></span> <span class='ocrx_word' id='word_1_39' title='bbox 713 552 805 605; x_wconf 89' lang='lat' dir='ltr'><strong>aciem</strong></span> <span class='ocrx_word' id='word_1_40' title='bbox 817 549 909 625; x_wconf 87' lang='lat' dir='ltr'><strong>fugit,</strong></span> <span class='ocrx_word' id='word_1_41' title='bbox 921 557 956 604; x_wconf 90' lang='lat' dir='ltr'><strong>ut</strong></span> <span class='ocrx_word' id='word_1_42' title='bbox 971 565 1011 602; x_wconf 91' lang='lat' dir='ltr'><strong>ne</strong></span> <span class='ocrx_word' id='word_1_43' title='bbox 1029 551 1065 602; x_wconf 90' lang='lat' dir='ltr'><strong>in</strong></span> <span class='ocrx_word' id='word_1_44' title='bbox 1094 555 1095 558; x_wconf 76' lang='grc'>’</span> 
     </span>
     <span class='ocr_line' id='line_1_6' title="bbox 109 627 1066 709; baseline 0.001 -25"><span class='ocrx_word' id='word_1_45' title='bbox 109 627 191 684; x_wconf 88' lang='lat' dir='ltr'><strong>libris</strong></span> <span class='ocrx_word' id='word_1_46' title='bbox 207 629 338 704; x_wconf 88' lang='lat' dir='ltr'><strong>quidem,</strong></span> <span class='ocrx_word' id='word_1_47' title='bbox 353 631 450 704; x_wconf 86' lang='lat' dir='ltr'><strong>quales</strong></span> <span class='ocrx_word' id='word_1_48' title='bbox 463 629 534 686; x_wconf 88' lang='lat' dir='ltr'><strong>haec</strong></span> <span class='ocrx_word' id='word_1_49' title='bbox 547 639 625 686; x_wconf 89' lang='lat' dir='ltr'><strong>aetas</strong></span> <span class='ocrx_word' id='word_1_50' title='bbox 640 632 739 703; x_wconf 89' lang='lat' dir='ltr'><strong>edidit,</strong></span> <span class='ocrx_word' id='word_1_51' title='bbox 755 633 930 709; x_wconf 69' lang='lat' dir='ltr'><strong>isagogicis,</strong></span> <span class='ocrx_word' id='word_1_52' title='bbox 945 632 996 705; x_wconf 91' lang='lat' dir='ltr'><strong>qui</strong></span> <span class='ocrx_word' id='word_1_53' title='bbox 1014 631 1066 685; x_wconf 89' lang='lat' dir='ltr'><strong>di-</strong></span> 
     </span>
     <span class='ocr_line' id='line_1_7' title="bbox 111 712 1095 789; baseline -0.001 -21"><span class='ocrx_word' id='word_1_54' title='bbox 111 720 231 782; x_wconf 86' lang='lat' dir='ltr'><strong>cuntur,</strong></span> <span class='ocrx_word' id='word_1_55' title='bbox 252 714 284 767; x_wconf 93' lang='lat' dir='ltr'><strong>in</strong></span> <span class='ocrx_word' id='word_1_56' title='bbox 304 712 398 768; x_wconf 88' lang='lat' dir='ltr'><strong>studia</strong></span> <span class='ocrx_word' id='word_1_57' title='bbox 414 714 624 789; x_wconf 88' lang='lat' dir='ltr'><strong>lectionemque</strong></span> <span class='ocrx_word' id='word_1_58' title='bbox 645 733 792 770; x_wconf 89' lang='lat' dir='ltr'><strong>sacrarum</strong></span> <span class='ocrx_word' id='word_1_59' title='bbox 805 712 1029 788; x_wconf 87' lang='lat' dir='ltr'><strong>Scripturarum</strong></span> <span class='ocrx_word' id='word_1_60' title='bbox 1047 732 1067 768; x_wconf 87' lang='lat' dir='ltr'><strong>a</strong></span> <span class='ocrx_word' id='word_1_61' title='bbox 1094 723 1095 726; x_wconf 75' lang='grc'>’</span> 
     </span>
     <span class='ocr_line' id='line_1_8' title="bbox 109 794 1066 872; baseline 0.001 -23"><span class='ocrx_word' id='word_1_62' title='bbox 109 797 181 850; x_wconf 84' lang='lat' dir='ltr'><strong>viris</strong></span> <span class='ocrx_word' id='word_1_63' title='bbox 195 794 286 850; x_wconf 79' lang='lat' dir='ltr'><strong>doctis</strong></span> <span class='ocrx_word' id='word_1_64' title='bbox 301 797 516 872; x_wconf 80' lang='lat' dir='ltr'><strong>ingeniosisqne</strong></span> <span class='ocrx_word' id='word_1_65' title='bbox 531 795 681 854; x_wconf 85' lang='lat' dir='ltr'><strong>Germanis</strong></span> <span class='ocrx_word' id='word_1_66' title='bbox 698 798 796 854; x_wconf 90' lang='lat' dir='ltr'><strong>crebro</strong></span> <span class='ocrx_word' id='word_1_67' title='bbox 812 797 995 870; x_wconf 79' lang='lat' dir='ltr'><strong>conscriptis,</strong></span> <span class='ocrx_word' id='word_1_68' title='bbox 1009 797 1066 851; x_wconf 94' lang='lat' dir='ltr'><strong>ul-</strong></span> 
     </span>
     <span class='ocr_line' id='line_1_9' title="bbox 110 873 1065 956; baseline 0.001 -24"><span class='ocrx_word' id='word_1_69' title='bbox 110 878 168 933; x_wconf 89' lang='lat' dir='ltr'><strong>lam</strong></span> <span class='ocrx_word' id='word_1_70' title='bbox 186 873 300 934; x_wconf 86' lang='lat' dir='ltr'><strong>Codicis</strong></span> <span class='ocrx_word' id='word_1_71' title='bbox 317 880 458 935; x_wconf 77' lang='lat' dir='ltr'><strong><em>rarissimi</em></strong></span> <span class='ocrx_word' id='word_1_72' title='bbox 479 889 508 934; x_wconf 90' lang='lat' dir='ltr'><strong>et</strong></span> <span class='ocrx_word' id='word_1_73' title='bbox 525 882 674 956; x_wconf 87' lang='lat' dir='ltr'><strong>pergravis</strong></span> <span class='ocrx_word' id='word_1_74' title='bbox 695 882 870 936; x_wconf 89' lang='lat' dir='ltr'><strong>mentionem</strong></span> <span class='ocrx_word' id='word_1_75' title='bbox 887 878 996 934; x_wconf 86' lang='lat' dir='ltr'><strong>saetam</strong></span> <span class='ocrx_word' id='word_1_76' title='bbox 1010 882 1065 933; x_wconf 87' lang='lat' dir='ltr'><strong>vi-</strong></span> 
     </span>
     <span class='ocr_line' id='line_1_10' title="bbox 111 960 1064 1039; baseline 0.002 -24"><span class='ocrx_word' id='word_1_77' title='bbox 111 960 234 1016; x_wconf 86' lang='lat' dir='ltr'><strong>deamus.</strong></span> <span class='ocrx_word' id='word_1_78' title='bbox 277 962 360 1027; x_wconf 72' lang='lat' dir='ltr'><strong>Quod</strong></span> <span class='ocrx_word' id='word_1_79' title='bbox 380 962 493 1039; x_wconf 89' lang='lat' dir='ltr'><strong>quidem</strong></span> <span class='ocrx_word' id='word_1_80' title='bbox 511 963 577 1017; x_wconf 89' lang='lat' dir='ltr'><strong>inde</strong></span> <span class='ocrx_word' id='word_1_81' title='bbox 592 963 791 1037; x_wconf 87' lang='lat' dir='ltr'><strong>explicandum</strong></span> <span class='ocrx_word' id='word_1_82' title='bbox 804 981 885 1033; x_wconf 84' lang='lat' dir='ltr'><strong>reor,</strong></span> <span class='ocrx_word' id='word_1_83' title='bbox 904 961 980 1036; x_wconf 91' lang='lat' dir='ltr'><strong>quod</strong></span> <span class='ocrx_word' id='word_1_84' title='bbox 992 966 1064 1017; x_wconf 87' lang='lat' dir='ltr'><strong>rari</strong></span> 
     </span>
     <span class='ocr_line' id='line_1_11' title="bbox 109 1042 1062 1121; baseline 0.001 -23"><span class='ocrx_word' id='word_1_85' title='bbox 109 1042 238 1120; x_wconf 82' lang='lat' dir='ltr'><strong>theologi</strong></span> <span class='ocrx_word' id='word_1_86' title='bbox 251 1053 333 1116; x_wconf 83' lang='lat' dir='ltr'><strong>sunt,</strong></span> <span class='ocrx_word' id='word_1_87' title='bbox 354 1048 402 1121; x_wconf 91' lang='lat' dir='ltr'><strong>qui</strong></span> <span class='ocrx_word' id='word_1_88' title='bbox 416 1047 447 1100; x_wconf 93' lang='lat' dir='ltr'><strong>in</strong></span> <span class='ocrx_word' id='word_1_89' title='bbox 461 1055 523 1102; x_wconf 87' lang='lat' dir='ltr'><strong>arte</strong></span> <span class='ocrx_word' id='word_1_90' title='bbox 538 1048 640 1102; x_wconf 89' lang='lat' dir='ltr'><strong>critica</strong></span> <span class='ocrx_word' id='word_1_91' title='bbox 653 1047 792 1103; x_wconf 88' lang='lat' dir='ltr'><strong>librorum</strong></span> <span class='ocrx_word' id='word_1_92' title='bbox 805 1063 952 1100; x_wconf 90' lang='lat' dir='ltr'><strong>sacrorum</strong></span> <span class='ocrx_word' id='word_1_93' title='bbox 967 1062 1062 1099; x_wconf 85' lang='lat' dir='ltr'><strong>exer-</strong></span> 
     </span>
     <span class='ocr_line' id='line_1_12' title="bbox 110 1122 1063 1206; baseline 0.001 -24"><span class='ocrx_word' id='word_1_94' title='bbox 110 1126 199 1182; x_wconf 87' lang='lat' dir='ltr'><strong>cenda</strong></span> <span class='ocrx_word' id='word_1_95' title='bbox 216 1129 350 1204; x_wconf 76' lang='lat' dir='ltr'><strong>gnaviter</strong></span> <span class='ocrx_word' id='word_1_96' title='bbox 371 1137 400 1184; x_wconf 89' lang='lat' dir='ltr'><strong>et</strong></span> <span class='ocrx_word' id='word_1_97' title='bbox 418 1129 549 1185; x_wconf 87' lang='lat' dir='ltr'><strong>lubenter</strong></span> <span class='ocrx_word' id='word_1_98' title='bbox 566 1139 718 1186; x_wconf 82' lang='lat' dir='ltr'><strong>versantur</strong></span> <span class='ocrx_word' id='word_1_99' title='bbox 737 1122 892 1206; x_wconf 87' lang='lat' dir='ltr'><strong>(historica</strong></span> <span class='ocrx_word' id='word_1_100' title='bbox 910 1128 989 1182; x_wconf 89' lang='lat' dir='ltr'><strong>enim</strong></span> <span class='ocrx_word' id='word_1_101' title='bbox 1002 1137 1063 1183; x_wconf 88' lang='lat' dir='ltr'><strong>aut</strong></span> 
     </span>
     <span class='ocr_line' id='line_1_13' title="bbox 109 1209 1060 1293; baseline 0.003 -29"><span class='ocrx_word' id='word_1_102' title='bbox 109 1213 259 1286; x_wconf 78' lang='lat' dir='ltr'><strong>exegetica</strong></span> <span class='ocrx_word' id='word_1_103' title='bbox 273 1211 368 1268; x_wconf 85' lang='lat' dir='ltr'><strong>studia</strong></span> <span class='ocrx_word' id='word_1_104' title='bbox 381 1213 510 1288; x_wconf 85' lang='lat' dir='ltr'><strong>plerique</strong></span> <span class='ocrx_word' id='word_1_105' title='bbox 523 1209 721 1293; x_wconf 86' lang='lat' dir='ltr'><strong>praeferunt);</strong></span> <span class='ocrx_word' id='word_1_106' title='bbox 743 1213 794 1268; x_wconf 87' lang='lat' dir='ltr'><strong>alii</strong></span> <span class='ocrx_word' id='word_1_107' title='bbox 806 1229 887 1282; x_wconf 80' lang='lat' dir='ltr'><strong>vero,</strong></span> <span class='ocrx_word' id='word_1_108' title='bbox 900 1212 1060 1284; x_wconf 84' lang='lat' dir='ltr'><strong>pauciores</strong></span> 
     </span>
     <span class='ocr_line' id='line_1_14' title="bbox 108 1293 1060 1374; baseline 0 -26"><span class='ocrx_word' id='word_1_109' title='bbox 108 1293 237 1368; x_wconf 81' lang='lat' dir='ltr'><strong>quidem,</strong></span> <span class='ocrx_word' id='word_1_110' title='bbox 251 1314 284 1350; x_wconf 96' lang='lat' dir='ltr'><strong>eo</strong></span> <span class='ocrx_word' id='word_1_111' title='bbox 298 1314 388 1370; x_wconf 90' lang='lat' dir='ltr'><strong>usque</strong></span> <span class='ocrx_word' id='word_1_112' title='bbox 404 1297 525 1352; x_wconf 88' lang='lat' dir='ltr'><strong>criticen</strong></span> <span class='ocrx_word' id='word_1_113' title='bbox 538 1304 567 1350; x_wconf 95' lang='lat' dir='ltr'><strong>et</strong></span> <span class='ocrx_word' id='word_1_114' title='bbox 580 1299 773 1374; x_wconf 79' lang='lat' dir='ltr'><strong>superiorem,</strong></span> <span class='ocrx_word' id='word_1_115' title='bbox 787 1313 919 1370; x_wconf 88' lang='lat' dir='ltr'><strong>quaeres</strong></span> <span class='ocrx_word' id='word_1_116' title='bbox 933 1301 1060 1365; x_wconf 78' lang='lat' dir='ltr'><strong>tractat,</strong></span> 
     </span>
     <span class='ocr_line' id='line_1_15' title="bbox 109 1374 1061 1453; baseline 0.001 -24"><span class='ocrx_word' id='word_1_117' title='bbox 109 1384 138 1430; x_wconf 92' lang='lat' dir='ltr'><strong>et</strong></span> <span class='ocrx_word' id='word_1_118' title='bbox 158 1377 330 1449; x_wconf 85' lang='lat' dir='ltr'><strong>inferiorem</strong></span> <span class='ocrx_word' id='word_1_119' title='bbox 351 1375 555 1445; x_wconf 68' lang='lat' dir='ltr'><strong>coartatam,</strong></span> <span class='ocrx_word' id='word_1_120' title='bbox 583 1395 654 1453; x_wconf 86' lang='lat' dir='ltr'><strong>quae</strong></span> <span class='ocrx_word' id='word_1_121' title='bbox 676 1380 708 1434; x_wconf 90' lang='lat' dir='ltr'><strong>in</strong></span> <span class='ocrx_word' id='word_1_122' title='bbox 730 1377 884 1434; x_wconf 83' lang='lat' dir='ltr'><strong>verborum</strong></span> <span class='ocrx_word' id='word_1_123' title='bbox 902 1374 1061 1432; x_wconf 77' lang='lat' dir='ltr'><strong>authentia</strong></span> 
     </span>
     <span class='ocr_line' id='line_1_16' title="bbox 109 1458 1059 1534; baseline 0.001 -20"><span class='ocrx_word' id='word_1_124' title='bbox 109 1458 291 1534; x_wconf 88' lang='lat' dir='ltr'><strong>disquirenda</strong></span> <span class='ocrx_word' id='word_1_125' title='bbox 304 1468 451 1532; x_wconf 87' lang='lat' dir='ltr'><strong>versatur,</strong></span> <span class='ocrx_word' id='word_1_126' title='bbox 470 1460 609 1533; x_wconf 78' lang='lat' dir='ltr'><strong>oderunt,</strong></span> <span class='ocrx_word' id='word_1_127' title='bbox 629 1469 662 1517; x_wconf 92' lang='lat' dir='ltr'><strong>ut</strong></span> <span class='ocrx_word' id='word_1_128' title='bbox 678 1461 885 1517; x_wconf 88' lang='lat' dir='ltr'><strong>intemerariis</strong></span> <span class='ocrx_word' id='word_1_129' title='bbox 900 1459 1059 1516; x_wconf 89' lang='lat' dir='ltr'><strong>conatibus</strong></span> 
     </span>
     <span class='ocr_line' id='line_1_17' title="bbox 108 1543 1059 1620; baseline 0.002 -24"><span class='ocrx_word' id='word_1_130' title='bbox 108 1558 195 1597; x_wconf 84' lang='lat' dir='ltr'><strong>verae</strong></span> <span class='ocrx_word' id='word_1_131' title='bbox 212 1543 299 1597; x_wconf 81' lang='lat' dir='ltr'><strong>saluti</strong></span> <span class='ocrx_word' id='word_1_132' title='bbox 322 1545 508 1620; x_wconf 86' lang='lat' dir='ltr'><strong>evangelicae</strong></span> <span class='ocrx_word' id='word_1_133' title='bbox 534 1543 669 1599; x_wconf 90' lang='lat' dir='ltr'><strong>damnum</strong></span> <span class='ocrx_word' id='word_1_134' title='bbox 689 1545 903 1619; x_wconf 77' lang='lat' dir='ltr'><strong>perniciemque</strong></span> <span class='ocrx_word' id='word_1_135' title='bbox 925 1543 1059 1598; x_wconf 88' lang='lat' dir='ltr'><strong>illaturis</strong></span> 
     </span>
     <span class='ocr_line' id='line_1_18' title="bbox 106 1622 1059 1702; baseline 0.002 -24"><span class='ocrx_word' id='word_1_136' title='bbox 106 1622 182 1679; x_wconf 92' lang='lat' dir='ltr'><strong>hanc</strong></span> <span class='ocrx_word' id='word_1_137' title='bbox 196 1634 288 1679; x_wconf 90' lang='lat' dir='ltr'><strong>artem</strong></span> <span class='ocrx_word' id='word_1_138' title='bbox 301 1623 439 1698; x_wconf 80' lang='lat' dir='ltr'><strong>habeant,</strong></span> <span class='ocrx_word' id='word_1_139' title='bbox 452 1625 549 1682; x_wconf 88' lang='lat' dir='ltr'><strong>hebeti</strong></span> <span class='ocrx_word' id='word_1_140' title='bbox 562 1645 631 1682; x_wconf 87' lang='lat' dir='ltr'><strong>sane</strong></span> <span class='ocrx_word' id='word_1_141' title='bbox 647 1629 691 1682; x_wconf 89' lang='lat' dir='ltr'><strong>illi</strong></span> <span class='ocrx_word' id='word_1_142' title='bbox 704 1645 861 1702; x_wconf 90' lang='lat' dir='ltr'><strong>parumque</strong></span> <span class='ocrx_word' id='word_1_143' title='bbox 876 1627 1059 1699; x_wconf 86' lang='lat' dir='ltr'><strong>circumspe-</strong></span> 
     </span>
     <span class='ocr_line' id='line_1_19' title="bbox 109 1707 1059 1786; baseline 0.003 -25"><span class='ocrx_word' id='word_1_144' title='bbox 109 1713 154 1762; x_wconf 91' lang='lat' dir='ltr'><strong>cto</strong></span> <span class='ocrx_word' id='word_1_145' title='bbox 166 1707 285 1781; x_wconf 83' lang='lat' dir='ltr'><strong>judicio.</strong></span> <span class='ocrx_word' id='word_1_146' title='bbox 329 1708 405 1774; x_wconf 74' lang='lat' dir='ltr'><strong>Quid</strong></span> <span class='ocrx_word' id='word_1_147' title='bbox 418 1711 495 1764; x_wconf 91' lang='lat' dir='ltr'><strong>enim</strong></span> <span class='ocrx_word' id='word_1_148' title='bbox 507 1713 599 1786; x_wconf 90' lang='lat' dir='ltr'><strong>magis</strong></span> <span class='ocrx_word' id='word_1_149' title='bbox 613 1713 702 1785; x_wconf 89' lang='lat' dir='ltr'><strong>pium,</strong></span> <span class='ocrx_word' id='word_1_150' title='bbox 716 1709 784 1786; x_wconf 92' lang='lat' dir='ltr'><strong>quid</strong></span> <span class='ocrx_word' id='word_1_151' title='bbox 795 1711 889 1785; x_wconf 88' lang='lat' dir='ltr'><strong>magis</strong></span> <span class='ocrx_word' id='word_1_152' title='bbox 903 1709 1059 1784; x_wconf 85' lang='lat' dir='ltr'><strong>evangeli·</strong></span> 
     </span>
     <span class='ocr_line' id='line_1_20' title="bbox 110 1790 1059 1868; baseline 0.001 -23"><span class='ocrx_word' id='word_1_153' title='bbox 110 1807 174 1846; x_wconf 91' lang='lat' dir='ltr'><strong>cum</strong></span> <span class='ocrx_word' id='word_1_154' title='bbox 189 1791 313 1868; x_wconf 88' lang='lat' dir='ltr'><strong>eogitari</strong></span> <span class='ocrx_word' id='word_1_155' title='bbox 326 1801 431 1866; x_wconf 87' lang='lat' dir='ltr'><strong>potest,</strong></span> <span class='ocrx_word' id='word_1_156' title='bbox 446 1811 530 1867; x_wconf 90' lang='lat' dir='ltr'><strong>quam</strong></span> <span class='ocrx_word' id='word_1_157' title='bbox 543 1801 667 1864; x_wconf 86' lang='lat' dir='ltr'><strong>textum,</strong></span> <span class='ocrx_word' id='word_1_158' title='bbox 681 1795 731 1867; x_wconf 90' lang='lat' dir='ltr'><strong>qui</strong></span> <span class='ocrx_word' id='word_1_159' title='bbox 742 1801 788 1848; x_wconf 85' lang='lat' dir='ltr'><strong>tot</strong></span> <span class='ocrx_word' id='word_1_160' title='bbox 800 1790 971 1848; x_wconf 83' lang='lat' dir='ltr'><strong>mortalibus</strong></span> <span class='ocrx_word' id='word_1_161' title='bbox 986 1809 1059 1846; x_wconf 89' lang='lat' dir='ltr'><strong>san·</strong></span> 
     </span>
     <span class='ocr_line' id='line_1_21' title="bbox 109 1871 1059 1954; baseline 0.001 -26"><span class='ocrx_word' id='word_1_162' title='bbox 109 1881 171 1929; x_wconf 88' lang='lat' dir='ltr'><strong>otus</strong></span> <span class='ocrx_word' id='word_1_163' title='bbox 184 1873 251 1945; x_wconf 87' lang='lat' dir='ltr'><strong>fuit,</strong></span> <span class='ocrx_word' id='word_1_164' title='bbox 266 1871 325 1946; x_wconf 86' lang='lat' dir='ltr'><strong>est,</strong></span> <span class='ocrx_word' id='word_1_165' title='bbox 340 1876 411 1947; x_wconf 91' lang='lat' dir='ltr'><strong>erit,</strong></span> <span class='ocrx_word' id='word_1_166' title='bbox 425 1875 483 1931; x_wconf 88' lang='lat' dir='ltr'><strong>dux</strong></span> <span class='ocrx_word' id='word_1_167' title='bbox 495 1878 574 1932; x_wconf 86' lang='lat' dir='ltr'><strong>ritae</strong></span> <span class='ocrx_word' id='word_1_168' title='bbox 587 1885 673 1954; x_wconf 88' lang='lat' dir='ltr'><strong>atque</strong></span> <span class='ocrx_word' id='word_1_169' title='bbox 685 1876 837 1952; x_wconf 88' lang='lat' dir='ltr'><strong>magister,</strong></span> <span class='ocrx_word' id='word_1_170' title='bbox 850 1891 977 1950; x_wconf 88' lang='lat' dir='ltr'><strong>purgare</strong></span> <span class='ocrx_word' id='word_1_171' title='bbox 991 1889 1059 1929; x_wconf 84' lang='lat' dir='ltr'><strong>ma-</strong></span> 
     </span>
     <span class='ocr_line' id='line_1_22' title="bbox 106 1957 1058 2034; baseline -0.001 -22"><span class='ocrx_word' id='word_1_172' title='bbox 106 1957 152 2032; x_wconf 88' lang='lat' dir='ltr'><strong>gis</strong></span> <span class='ocrx_word' id='word_1_173' title='bbox 166 1957 315 2033; x_wconf 83' lang='lat' dir='ltr'><strong>magisque</strong></span> <span class='ocrx_word' id='word_1_174' title='bbox 329 1958 483 2030; x_wconf 76' lang='lat' dir='ltr'><strong>amendia,</strong></span> <span class='ocrx_word' id='word_1_175' title='bbox 501 1967 662 2032; x_wconf 91' lang='lat' dir='ltr'><strong>temporum</strong></span> <span class='ocrx_word' id='word_1_176' title='bbox 675 1958 879 2034; x_wconf 88' lang='lat' dir='ltr'><strong>hominumque</strong></span> <span class='ocrx_word' id='word_1_177' title='bbox 892 1957 1003 2031; x_wconf 85' lang='lat' dir='ltr'><strong>inJ&#39;uria</strong></span> <span class='ocrx_word' id='word_1_178' title='bbox 1017 1957 1058 2012; x_wconf 91' lang='lat' dir='ltr'><strong>il-</strong></span> 
     </span>
     <span class='ocr_line' id='line_1_23' title="bbox 106 2039 1057 2117; baseline 0 -23"><span class='ocrx_word' id='word_1_179' title='bbox 106 2041 189 2111; x_wconf 85' lang='lat' dir='ltr'><strong>latis,</strong></span> <span class='ocrx_word' id='word_1_180' title='bbox 211 2050 240 2095; x_wconf 91' lang='lat' dir='ltr'><strong>et</strong></span> <span class='ocrx_word' id='word_1_181' title='bbox 254 2041 290 2096; x_wconf 90' lang='lat' dir='ltr'><strong>ad</strong></span> <span class='ocrx_word' id='word_1_182' title='bbox 304 2059 366 2096; x_wconf 89' lang='lat' dir='ltr'><strong>eam</strong></span> <span class='ocrx_word' id='word_1_183' title='bbox 379 2041 500 2098; x_wconf 80' lang='lat' dir='ltr'><strong>formam</strong></span> <span class='ocrx_word' id='word_1_184' title='bbox 513 2051 599 2117; x_wconf 84' lang='lat' dir='ltr'><strong>atque</strong></span> <span class='ocrx_word' id='word_1_185' title='bbox 618 2043 778 2110; x_wconf 87' lang='lat' dir='ltr'><strong>rationem,</strong></span> <span class='ocrx_word' id='word_1_186' title='bbox 798 2059 870 2116; x_wconf 90' lang='lat' dir='ltr'><strong>quae</strong></span> <span class='ocrx_word' id='word_1_187' title='bbox 884 2039 1057 2114; x_wconf 80' lang='lat' dir='ltr'><strong>apostolicis</strong></span> 
     </span>
     <span class='ocr_line' id='line_1_24' title="bbox 107 2123 1094 2198; baseline 0.001 -22"><span class='ocrx_word' id='word_1_188' title='bbox 107 2123 281 2196; x_wconf 78' lang='lat' dir='ltr'><strong>temporibus</strong></span> <span class='ocrx_word' id='word_1_189' title='bbox 304 2143 388 2198; x_wconf 87' lang='lat' dir='ltr'><strong>quarn</strong></span> <span class='ocrx_word' id='word_1_190' title='bbox 408 2126 555 2179; x_wconf 90' lang='lat' dir='ltr'><strong>simillima</strong></span> <span class='ocrx_word' id='word_1_191' title='bbox 573 2133 632 2194; x_wconf 89' lang='lat' dir='ltr'><strong>est,</strong></span> <span class='ocrx_word' id='word_1_192' title='bbox 658 2124 768 2179; x_wconf 87' lang='lat' dir='ltr'><strong>idoneis</strong></span> <span class='ocrx_word' id='word_1_193' title='bbox 786 2123 947 2178; x_wconf 88' lang='lat' dir='ltr'><strong>rationibus</strong></span> <span class='ocrx_word' id='word_1_194' title='bbox 965 2131 1057 2196; x_wconf 90' lang='lat' dir='ltr'><strong>atque</strong></span> <span class='ocrx_word' id='word_1_195' title='bbox 1093 2189 1094 2194; x_wconf 10' lang='grc' dir='ltr'><strong>Ἰ</strong></span> 
     </span>
     <span class='ocr_line' id='line_1_25' title="bbox 106 2203 1094 2282; baseline -0.003 -20"><span class='ocrx_word' id='word_1_196' title='bbox 106 2207 283 2282; x_wconf 83' lang='lat' dir='ltr'><strong>argumentis</strong></span> <span class='ocrx_word' id='word_1_197' title='bbox 296 2203 448 2282; x_wconf 79' lang='lat' dir='ltr'><strong>redigerel</strong></span> <span class='ocrx_word' id='word_1_198' title='bbox 490 2206 573 2262; x_wconf 86' lang='lat' dir='ltr'><strong>Absit</strong></span> <span class='ocrx_word' id='word_1_199' title='bbox 585 2206 668 2261; x_wconf 91' lang='lat' dir='ltr'><strong>modo</strong></span> <span class='ocrx_word' id='word_1_200' title='bbox 683 2208 800 2277; x_wconf 75' lang='lat' dir='ltr'><strong>levitas,</strong></span> <span class='ocrx_word' id='word_1_201' title='bbox 815 2205 890 2262; x_wconf 91' lang='lat' dir='ltr'><strong>ahsit</strong></span> <span class='ocrx_word' id='word_1_202' title='bbox 904 2207 1057 2279; x_wconf 83' lang='lat' dir='ltr'><strong>impietas3</strong></span> <span class='ocrx_word' id='word_1_203' title='bbox 1093 2203 1094 2232; x_wconf 62' lang='lat'>¹</span> 
     </span>
     <span class='ocr_line' id='line_1_26' title="bbox 106 2281 1057 2364; baseline -0.001 -21"><span class='ocrx_word' id='word_1_204' title='bbox 106 2287 183 2364; x_wconf 92' lang='lat' dir='ltr'><strong>quod</strong></span> <span class='ocrx_word' id='word_1_205' title='bbox 199 2289 303 2344; x_wconf 75' lang='lat' dir='ltr'><strong>vitium</strong></span> <span class='ocrx_word' id='word_1_206' title='bbox 324 2306 407 2343; x_wconf 92' lang='lat' dir='ltr'><strong>nemo</strong></span> <span class='ocrx_word' id='word_1_207' title='bbox 428 2287 558 2363; x_wconf 85' lang='lat' dir='ltr'><strong>prosecta</strong></span> <span class='ocrx_word' id='word_1_208' title='bbox 579 2291 748 2345; x_wconf 83' lang='lat' dir='ltr'><strong>extimescet</strong></span> <span class='ocrx_word' id='word_1_209' title='bbox 765 2289 798 2344; x_wconf 86' lang='lat' dir='ltr'><strong>in</strong></span> <span class='ocrx_word' id='word_1_210' title='bbox 820 2289 857 2344; x_wconf 89' lang='lat' dir='ltr'><strong>iis</strong></span> <span class='ocrx_word' id='word_1_211' title='bbox 875 2289 949 2344; x_wconf 78' lang='lat' dir='ltr'><strong>viris</strong></span> <span class='ocrx_word' id='word_1_212' title='bbox 967 2281 1057 2363; x_wconf 88' lang='lat' dir='ltr'><strong>(sunt</strong></span> 
     </span>
     <span class='ocr_line' id='line_1_27' title="bbox 105 2366 1056 2451; baseline -0.002 -24"><span class='ocrx_word' id='word_1_213' title='bbox 105 2379 202 2428; x_wconf 91' lang='lat' dir='ltr'><strong>autem</strong></span> <span class='ocrx_word' id='word_1_214' title='bbox 216 2366 345 2451; x_wconf 85' lang='lat' dir='ltr'><strong>optimi),</strong></span> <span class='ocrx_word' id='word_1_215' title='bbox 361 2372 410 2446; x_wconf 91' lang='lat' dir='ltr'><strong>qui</strong></span> <span class='ocrx_word' id='word_1_216' title='bbox 424 2389 483 2427; x_wconf 92' lang='lat' dir='ltr'><strong>non</strong></span> <span class='ocrx_word' id='word_1_217' title='bbox 497 2379 610 2428; x_wconf 90' lang='lat' dir='ltr'><strong>tantum</strong></span> <span class='ocrx_word' id='word_1_218' title='bbox 623 2381 719 2427; x_wconf 76' lang='lat' dir='ltr'><strong>niente</strong></span> <span class='ocrx_word' id='word_1_219' title='bbox 729 2372 895 2447; x_wconf 88' lang='lat' dir='ltr'><strong>etingenio,</strong></span> <span class='ocrx_word' id='word_1_220' title='bbox 904 2370 955 2426; x_wconf 90' lang='lat' dir='ltr'><strong>sed</strong></span> <span class='ocrx_word' id='word_1_221' title='bbox 964 2372 1056 2425; x_wconf 88' lang='lat' dir='ltr'><strong>etiam</strong></span> 
     </span>
     <span class='ocr_line' id='line_1_28' title="bbox 105 2453 1056 2530; baseline -0.003 -19"><span class='ocrx_word' id='word_1_222' title='bbox 105 2455 201 2511; x_wconf 91' lang='lat' dir='ltr'><strong>animo</strong></span> <span class='ocrx_word' id='word_1_223' title='bbox 214 2455 313 2510; x_wconf 88' lang='lat' dir='ltr'><strong>literas</strong></span> <span class='ocrx_word' id='word_1_224' title='bbox 327 2462 461 2510; x_wconf 88' lang='lat' dir='ltr'><strong>tractant.</strong></span> <span class='ocrx_word' id='word_1_225' title='bbox 478 2486 513 2496; x_wconf 92' lang='lat'>-</span> <span class='ocrx_word' id='word_1_226' title='bbox 529 2453 723 2530; x_wconf 88' lang='lat' dir='ltr'><strong>Reperiuntur</strong></span> <span class='ocrx_word' id='word_1_227' title='bbox 735 2454 860 2530; x_wconf 82' lang='lat' dir='ltr'><strong>quidem,</strong></span> <span class='ocrx_word' id='word_1_228' title='bbox 872 2455 993 2528; x_wconf 90' lang='lat' dir='ltr'><strong>quinon</strong></span> <span class='ocrx_word' id='word_1_229' title='bbox 1005 2471 1056 2508; x_wconf 91' lang='lat' dir='ltr'><strong>re-</strong></span> 
     </span>
     <span class='ocr_line' id='line_1_29' title="bbox 108 2536 1056 2612; baseline -0.002 -20"><span class='ocrx_word' id='word_1_230' title='bbox 108 2544 208 2592; x_wconf 89' lang='lat' dir='ltr'><strong>cusent</strong></span> <span class='ocrx_word' id='word_1_231' title='bbox 222 2538 332 2592; x_wconf 86' lang='lat' dir='ltr'><strong>criticis</strong></span> <span class='ocrx_word' id='word_1_232' title='bbox 347 2537 595 2612; x_wconf 88' lang='lat' dir='ltr'><strong>disquisitionibus</strong></span> <span class='ocrx_word' id='word_1_233' title='bbox 611 2538 734 2594; x_wconf 88' lang='lat' dir='ltr'><strong>detineri</strong></span> <span class='ocrx_word' id='word_1_234' title='bbox 748 2546 777 2592; x_wconf 94' lang='lat' dir='ltr'><strong>et</strong></span> <span class='ocrx_word' id='word_1_235' title='bbox 791 2536 902 2611; x_wconf 91' lang='lat' dir='ltr'><strong>aliquid</strong></span> <span class='ocrx_word' id='word_1_236' title='bbox 913 2538 1056 2610; x_wconf 85' lang='lat' dir='ltr'><strong>temporis</strong></span> 
     </span>
     <span class='ocr_line' id='line_1_30' title="bbox 106 2618 1056 2696; baseline -0.004 -20"><span class='ocrx_word' id='word_1_237' title='bbox 106 2622 138 2676; x_wconf 88' lang='lat' dir='ltr'><strong>in</strong></span> <span class='ocrx_word' id='word_1_238' title='bbox 152 2620 349 2676; x_wconf 87' lang='lat' dir='ltr'><strong>examinandis</strong></span> <span class='ocrx_word' id='word_1_239' title='bbox 362 2620 609 2696; x_wconf 87' lang='lat' dir='ltr'><strong>ponderandisque</strong></span> <span class='ocrx_word' id='word_1_240' title='bbox 623 2619 795 2676; x_wconf 86' lang='lat' dir='ltr'><strong>lectionibus</strong></span> <span class='ocrx_word' id='word_1_241' title='bbox 807 2619 988 2676; x_wconf 80' lang='lat' dir='ltr'><strong>variantibus</strong></span> <span class='ocrx_word' id='word_1_242' title='bbox 1002 2618 1056 2672; x_wconf 93' lang='lat' dir='ltr'><strong>do-</strong></span> 
     </span>
     <span class='ocr_line' id='line_1_31' title="bbox 105 2699 1093 2768; baseline -0.001 -10"><span class='ocrx_word' id='word_1_243' title='bbox 105 2703 146 2758; x_wconf 90' lang='lat' dir='ltr'><strong>mi</strong></span> <span class='ocrx_word' id='word_1_244' title='bbox 161 2719 336 2758; x_wconf 88' lang='lat' dir='ltr'><strong>consumere.</strong></span> <span class='ocrx_word' id='word_1_245' title='bbox 370 2699 522 2758; x_wconf 85' lang='lat' dir='ltr'><strong>Rarissirni</strong></span> <span class='ocrx_word' id='word_1_246' title='bbox 535 2713 632 2758; x_wconf 91' lang='lat' dir='ltr'><strong>tamen</strong></span> <span class='ocrx_word' id='word_1_247' title='bbox 646 2704 773 2758; x_wconf 90' lang='lat' dir='ltr'><strong>omnium</strong></span> <span class='ocrx_word' id='word_1_248' title='bbox 786 2699 1057 2758; x_wconf 88' lang='lat' dir='ltr'><strong>ettenaeissimihi</strong></span> <span class='ocrx_word' id='word_1_249' title='bbox 1092 2703 1093 2768; x_wconf 67' lang='lat' dir='ltr'>J</span> 
     </span>
     <span class='ocr_line' id='line_1_32' title="bbox 107 2785 1093 2861; baseline -0.002 -21"><span class='ocrx_word' id='word_1_250' title='bbox 107 2793 188 2856; x_wconf 86' lang='lat' dir='ltr'><strong>sunt,</strong></span> <span class='ocrx_word' id='word_1_251' title='bbox 208 2787 258 2861; x_wconf 91' lang='lat' dir='ltr'><strong>qui</strong></span> <span class='ocrx_word' id='word_1_252' title='bbox 279 2795 444 2842; x_wconf 88' lang='lat' dir='ltr'><strong>exterarum</strong></span> <span class='ocrx_word' id='word_1_253' title='bbox 461 2785 702 2842; x_wconf 88' lang='lat' dir='ltr'><strong>bibliothecarum</strong></span> <span class='ocrx_word' id='word_1_254' title='bbox 719 2789 844 2858; x_wconf 87' lang='lat' dir='ltr'><strong>majores</strong></span> <span class='ocrx_word' id='word_1_255' title='bbox 859 2785 1009 2860; x_wconf 88' lang='lat' dir='ltr'><strong>catalogos</strong></span> <span class='ocrx_word' id='word_1_256' title='bbox 1022 2785 1057 2838; x_wconf 91' lang='lat' dir='ltr'><strong>in</strong></span> <span class='ocrx_word' id='word_1_257' title='bbox 1092 2787 1093 2848; x_wconf 71' lang='lat' dir='ltr'><strong>l</strong></span> 
     </span>
     <span class='ocr_line' id='line_1_33' title="bbox 105 2863 1093 2943; baseline -0.003 -20"><span class='ocrx_word' id='word_1_258' title='bbox 105 2868 257 2924; x_wconf 89' lang='lat' dir='ltr'><strong>itineribus</strong></span> <span class='ocrx_word' id='word_1_259' title='bbox 270 2867 326 2924; x_wconf 90' lang='lat' dir='ltr'><strong>hoc</strong></span> <span class='ocrx_word' id='word_1_260' title='bbox 339 2867 396 2924; x_wconf 89' lang='lat' dir='ltr'><strong>fine</strong></span> <span class='ocrx_word' id='word_1_261' title='bbox 410 2871 550 2943; x_wconf 88' lang='lat' dir='ltr'><strong>susceptis</strong></span> <span class='ocrx_word' id='word_1_262' title='bbox 566 2870 728 2938; x_wconf 89' lang='lat' dir='ltr'><strong>consulunt,</strong></span> <span class='ocrx_word' id='word_1_263' title='bbox 738 2875 767 2922; x_wconf 90' lang='lat' dir='ltr'><strong>et</strong></span> <span class='ocrx_word' id='word_1_264' title='bbox 779 2868 868 2923; x_wconf 89' lang='lat' dir='ltr'><strong>libros</strong></span> <span class='ocrx_word' id='word_1_265' title='bbox 882 2885 970 2923; x_wconf 87' lang='lat' dir='ltr'><strong>manu</strong></span> <span class='ocrx_word' id='word_1_266' title='bbox 980 2868 1057 2922; x_wconf 88' lang='lat' dir='ltr'><strong>scri·</strong></span> <span class='ocrx_word' id='word_1_267' title='bbox 1092 2863 1093 2898; x_wconf 64' lang='lat' dir='ltr'><strong>l</strong></span> 
     </span>
     <span class='ocr_line' id='line_1_34' title="bbox 105 2949 1057 3026; baseline -0.003 -20"><span class='ocrx_word' id='word_1_268' title='bbox 105 2959 170 3026; x_wconf 87' lang='lat' dir='ltr'><strong>ptos</strong></span> <span class='ocrx_word' id='word_1_269' title='bbox 183 2952 299 3025; x_wconf 89' lang='lat' dir='ltr'><strong>proprio</strong></span> <span class='ocrx_word' id='word_1_270' title='bbox 314 2949 407 3007; x_wconf 88' lang='lat' dir='ltr'><strong>Marte</strong></span> <span class='ocrx_word' id='word_1_271' title='bbox 420 2969 479 3008; x_wconf 89' lang='lat' dir='ltr'><strong>non</strong></span> <span class='ocrx_word' id='word_1_272' title='bbox 492 2954 555 3007; x_wconf 90' lang='lat' dir='ltr'><strong>sine</strong></span> <span class='ocrx_word' id='word_1_273' title='bbox 567 2951 680 3022; x_wconf 86' lang='lat' dir='ltr'><strong>labore,</strong></span> <span class='ocrx_word' id='word_1_274' title='bbox 694 2949 812 3022; x_wconf 90' lang='lat' dir='ltr'><strong>sudore,</strong></span> <span class='ocrx_word' id='word_1_275' title='bbox 827 2950 962 3020; x_wconf 82' lang='lat' dir='ltr'><strong>fastidio,</strong></span> <span class='ocrx_word' id='word_1_276' title='bbox 977 2949 1057 3024; x_wconf 90' lang='lat' dir='ltr'><strong>quod</strong></span> 
     </span>
     <span class='ocr_line' id='line_1_35' title="bbox 103 3031 1055 3110; baseline -0.002 -22"><span class='ocrx_word' id='word_1_277' title='bbox 103 3031 150 3089; x_wconf 89' lang='lat' dir='ltr'><strong>his</strong></span> <span class='ocrx_word' id='word_1_278' title='bbox 170 3034 404 3107; x_wconf 85' lang='lat' dir='ltr'><strong>occupationibus</strong></span> <span class='ocrx_word' id='word_1_279' title='bbox 423 3035 568 3110; x_wconf 85' lang='lat' dir='ltr'><strong>peculiare</strong></span> <span class='ocrx_word' id='word_1_280' title='bbox 592 3043 651 3104; x_wconf 88' lang='lat' dir='ltr'><strong>est,</strong></span> <span class='ocrx_word' id='word_1_281' title='bbox 678 3042 805 3088; x_wconf 86' lang='lat' dir='ltr'><strong>tractant</strong></span> <span class='ocrx_word' id='word_1_282' title='bbox 825 3042 855 3088; x_wconf 92' lang='lat' dir='ltr'><strong>et</strong></span> <span class='ocrx_word' id='word_1_283' title='bbox 876 3031 1055 3088; x_wconf 91' lang='lat' dir='ltr'><strong>describunt.</strong></span> 
     </span>
     <span class='ocr_line' id='line_1_36' title="bbox 104 3115 1055 3192; baseline -0.003 -20"><span class='ocrx_word' id='word_1_284' title='bbox 104 3115 137 3172; x_wconf 90' lang='lat' dir='ltr'><strong>ld</strong></span> <span class='ocrx_word' id='word_1_285' title='bbox 150 3116 225 3192; x_wconf 91' lang='lat' dir='ltr'><strong>quod</strong></span> <span class='ocrx_word' id='word_1_286' title='bbox 237 3127 351 3192; x_wconf 89' lang='lat' dir='ltr'><strong>praeter</strong></span> <span class='ocrx_word' id='word_1_287' title='bbox 361 3115 536 3186; x_wconf 65' lang='lat' dir='ltr'><strong>schalmum,</strong></span> <span class='ocrx_word' id='word_1_288' title='bbox 547 3115 704 3174; x_wconf 80' lang='lat' dir='ltr'><strong>Riaclciom</strong></span> <span class='ocrx_word' id='word_1_289' title='bbox 718 3125 747 3170; x_wconf 90' lang='lat' dir='ltr'><strong>et</strong></span> <span class='ocrx_word' id='word_1_290' title='bbox 760 3135 805 3171; x_wconf 91' lang='lat' dir='ltr'><strong>me</strong></span> <span class='ocrx_word' id='word_1_291' title='bbox 820 3125 934 3174; x_wconf 85' lang='lat' dir='ltr'><strong>constat</strong></span> <span class='ocrx_word' id='word_1_292' title='bbox 947 3115 1055 3171; x_wconf 85' lang='lat' dir='ltr'><strong>fecisse</strong></span> 
     </span>
     <span class='ocr_line' id='line_1_37' title="bbox 104 3195 817 3276; baseline 0 -20"><span class='ocrx_word' id='word_1_293' title='bbox 104 3201 249 3256; x_wconf 87' lang='lat' dir='ltr'><strong>neminem</strong></span> <span class='ocrx_word' id='word_1_294' title='bbox 261 3199 462 3276; x_wconf 89' lang='lat' dir='ltr'><strong>theologorum</strong></span> <span class='ocrx_word' id='word_1_295' title='bbox 476 3201 579 3256; x_wconf 85' lang='lat' dir='ltr'><strong>aetatis</strong></span> <span class='ocrx_word' id='word_1_296' title='bbox 592 3207 707 3256; x_wconf 74' lang='lat' dir='ltr'><strong>nostram</strong></span> <span class='ocrx_word' id='word_1_297' title='bbox 724 3195 766 3273; x_wconf 87' lang='grc'><strong>1).</strong></span> <span class='ocrx_word' id='word_1_298' title='bbox 782 3229 817 3240; x_wconf 92' lang='grc'>-</span> 
     </span>
    </p>
   </div>
   <div class='ocr_carea' id='block_1_3' title="bbox 104 3401 1092 3532">
    <p class='ocr_par' dir='ltr' id='par_1_3' title="bbox 104 3401 1092 3532">
     <span class='ocr_line' id='line_1_38' title="bbox 171 3401 1092 3491; baseline -0.007 -41"><span class='ocrx_word' id='word_1_299' title='bbox 171 3406 199 3464; x_wconf 85' lang='lat'><strong>1)</strong></span> <span class='ocrx_word' id='word_1_300' title='bbox 218 3405 353 3464; x_wconf 84' lang='lat' dir='ltr'><strong>Utriusque</strong></span> <span class='ocrx_word' id='word_1_301' title='bbox 369 3403 494 3452; x_wconf 78' lang='lat' dir='ltr'><strong>formulae</strong></span> <span class='ocrx_word' id='word_1_302' title='bbox 509 3409 535 3451; x_wconf 90' lang='lat' dir='ltr'><strong>et</strong></span> <span class='ocrx_word' id='word_1_303' title='bbox 549 3405 694 3452; x_wconf 81' lang='lat' dir='ltr'><strong>catholicae</strong></span> <span class='ocrx_word' id='word_1_304' title='bbox 708 3409 734 3452; x_wconf 84' lang='lat' dir='ltr'><strong>et</strong></span> <span class='ocrx_word' id='word_1_305' title='bbox 748 3403 948 3480; x_wconf 77' lang='lat' dir='ltr'><strong>Protestantinm</strong></span> <span class='ocrx_word' id='word_1_306' title='bbox 962 3401 1054 3446; x_wconf 85' lang='lat' dir='ltr'><strong>docto·</strong></span> <span class='ocrx_word' id='word_1_307' title='bbox 1091 3425 1092 3491; x_wconf 56' lang='lat' dir='ltr'><strong>p</strong></span> 
     </span>
     <span class='ocr_line' id='line_1_39' title="bbox 104 3472 1055 3532; baseline -0.007 -14"><span class='ocrx_word' id='word_1_308' title='bbox 104 3483 162 3532; x_wconf 82' lang='lat' dir='ltr'><strong>res,</strong></span> <span class='ocrx_word' id='word_1_309' title='bbox 175 3473 203 3518; x_wconf 89' lang='lat' dir='ltr'><strong>in</strong></span> <span class='ocrx_word' id='word_1_310' title='bbox 214 3474 319 3520; x_wconf 83' lang='lat' dir='ltr'><strong>urbibus</strong></span> <span class='ocrx_word' id='word_1_311' title='bbox 333 3475 456 3532; x_wconf 74' lang='lat' dir='ltr'><strong>agentes,</strong></span> <span class='ocrx_word' id='word_1_312' title='bbox 475 3485 539 3530; x_wconf 80' lang='lat' dir='ltr'><strong>quae</strong></span> <span class='ocrx_word' id='word_1_313' title='bbox 554 3472 720 3520; x_wconf 76' lang='lat' dir='ltr'><strong>bibliothecas</strong></span> <span class='ocrx_word' id='word_1_314' title='bbox 733 3473 808 3531; x_wconf 87' lang='lat' dir='ltr'><strong>copia</strong></span> <span class='ocrx_word' id='word_1_315' title='bbox 820 3473 1055 3526; x_wconf 78' lang='lat' dir='ltr'><strong>manuscriptorum</strong></span> 
     </span>
    </p>
   </div>
   <div class='ocr_carea' id='block_1_4' title="bbox 0 0 1108 3880">
    <p class='ocr_par' dir='ltr' id='par_1_4' title="bbox 0 0 1108 3880">
     <span class='ocr_line' id='line_1_40' title="bbox 0 0 1108 3880; baseline 0 2"><span class='ocrx_word' id='word_1_316' title='bbox 0 0 1108 3880; x_wconf 95' lang='lat' dir='ltr'><strong> </strong></span> 
     </span>
    </p>
   </div>
  </div>
 </body>
</html>
