2206 3880
239 94 449 138 Pnnuuu'rlo
474 95 521 139 AB
545 95 754 140 LECTOREM.
903 99 961 144 ux

26 225 103 272 itidem
111 223 258 270 institutum
267 223 326 268 Pius
336 223 366 267 V.
376 227 525 279 prosecutus
535 228 581 270 est.
614 221 710 272 Verum
721 228 873 272 conventum
889 227 960 276 illum

31 313 54 354 cb
73 307 170 366 varies,
186 297 401 366 gravissimosque
416 306 652 364 sedisapostolicae
667 308 847 364 occupationes
859 309 960 367 jamdu-

30 393 76 436 lum
84 392 272 449 interminum,
288 391 375 436 Sixtus
386 388 418 438 V.
429 390 515 436 divina
524 391 686 448 providentia
695 392 726 437 ad
736 405 857 438 summum
867 394 959 440 Sacer-

30 475 111 522 dotium
124 477 264 533 evocatus,
279 473 456 519 ardentissimo
476 474 558 520 studio
576 475 721 534 revocavit,
742 477 768 522 et
784 489 847 534 opus
859 477 961 523 taudem

31 561 161 605 contactu·
177 559 248 618 typis
261 555 375 604 mundari
383 557 466 614 iussit.
501 558 576 610 Quod
586 572 641 604 cum
649 558 702 616 J'am
711 563 779 606 esset
788 573 921 618 excusum,
936 566 962 605 et

30 647 50 688 ut
58 644 81 688 in
89 643 172 690 lucem
183 643 342 688 emitteretur
352 635 386 699 ⁸),
397 640 464 686 idem
469 642 590 688 Pontifex
600 656 704 700 operam
713 643 792 703 daret,
800 643 961 691 animadver-

30 735 75 772 tens
84 727 266 786 nonpaucsin
281 737 353 772 saera
362 725 442 773 Biblia
455 727 536 784 praeli
550 727 613 772 vitio
628 727 777 788 irrepsisse,
792 741 856 786 quse
871 729 962 774 iterata

30 811 149 869 diligentia
161 810 281 868 indigere
296 809 458 869 viderentur,
472 813 552 856 totum
569 823 632 867 opus
645 814 691 858 sub
705 812 821 860 incudem
834 823 961 858 revocan-

31 896 77 942 dum
90 896 190 942 censuit
205 898 280 951 atque
295 892 415 939 decrerit.
450 892 478 936 ld
492 905 555 938 vcro
565 905 622 938 cum
630 898 713 942 morte
724 899 876 954 praeventus
885 907 961 954 prae·
1027 877 1031 888 ’

30 984 86 1025 stare
94 993 146 1025 non
156 979 297 1037 potuisset,
310 976 449 1034 Gregorius
460 976 526 1022 xlv.
537 976 579 1032 qui
590 980 647 1034 post
658 979 751 1025 Urbani
760 981 815 1024 Vll.
826 979 959 1026 duodecim

32 1063 114 1110 lienium
122 1063 302 1110 Pontificatum
312 1061 385 1106 Sixto
395 1061 566 1116 successerat,
581 1060 636 1116 ejns
646 1061 723 1106 animi
733 1063 901 1108 intentionem
912 1075 959 1108 ex-

32 1151 104 1192 ecutus
123 1149 248 1204 perficere
268 1145 470 1202 aggressusest,
491 1141 651 1199 amplissimis
665 1132 762 1200 aliquot
776 1145 959 1202 cardinalibus,

32 1230 123 1286 aliisque
133 1229 288 1277 doctissimis
299 1227 360 1273 viris
371 1227 402 1272 ad
412 1226 461 1272 boc
477 1226 569 1271 iterum
579 1227 710 1284 deputatis.
746 1229 796 1275 Sed
806 1241 837 1274 eo
848 1241 957 1286 quoque,

33 1315 97 1370 etqui
106 1312 291 1370 iilisnccessit,
301 1308 452 1358 Innocentio
464 1309 509 1356 IX.
518 1309 669 1356 brevissimo
680 1314 794 1369 tempore
805 1311 835 1357 da
845 1312 892 1358 bac
902 1311 958 1358 luce

34 1399 166 1454 subtractis;
190 1396 293 1442 tandem
311 1396 357 1440 sub
371 1393 471 1441 initium
485 1392 649 1440 Pontificatus
664 1395 801 1442 clementis
815 1396 898 1454 vill,
918 1396 960 1452 qui

34 1494 89 1527 stunc
97 1481 227 1528 Ecelesiae
236 1479 373 1526 universae
386 1475 557 1535 gubernacula
566 1479 650 1538 tenet,
666 1491 742 1536 opus,
757 1479 784 1524 in
795 1479 862 1535 quod
872 1479 958 1526 Sintes

33 1566 55 1608 l'.
72 1567 224 1623 intenderat,
243 1564 299 1609 Deo
318 1563 383 1607 bene
401 1561 507 1617 juvante
525 1562 665 1617 perfectum
683 1565 729 1607 est.
768 1563 861 1620 Accipe
880 1563 959 1620 igitur

35 1649 162 1696 Christiane
173 1650 281 1705 Lector,
292 1645 382 1691 eodem
393 1642 521 1689 Clemente
532 1656 628 1690 summo
637 1645 760 1692 Pontificc
770 1649 914 1703 annuente,
925 1659 958 1690 ex

34 1733 140 1780 Vaticana
149 1729 332 1792 'typographis
348 1730 458 1773 veterem
469 1741 497 1773 ac
508 1727 634 1786 vulgatam
649 1741 736 1775 sacrae
747 1730 893 1786 scripturae
903 1728 957 1773 edi-

33 1815 126 1874 tionem,
137 1818 231 1874 qnanta
239 1813 295 1860 fieri
303 1811 386 1870 potnit
396 1811 528 1869 diligentia
538 1812 695 1869 castigatam:
714 1825 787 1868 qnam
797 1811 896 1868 quidem
907 1811 957 1856 sic-

34 1901 56 1944 ut
64 1899 170 1948 omnibus
180 1897 293 1946 numeris
302 1895 455 1955 absolutam,
471 1909 518 1953 pro
533 1895 642 1942 bumana
651 1895 823 1941 imbecillitate
833 1895 958 1940 afirmare

35 1982 122 2030 difficile
131 1988 182 2042 est,
199 1983 237 2030 ita
259 1980 350 2029 ceteris
360 1980 489 2038 omnibus,
500 1992 564 2036 quae
574 1978 606 2023 ad
615 1979 681 2024 beno
691 1991 770 2035 usqne
781 1978 846 2024 diem
855 1977 959 2034 prodie-

35 2071 95 2124 runt,
108 2067 314 2123 emendatiorem,
328 2064 507 2122 purioremque
517 2075 587 2121 esse,
605 2063 708 2108 minime
722 2061 891 2108 dubitandum.
925 2061 960 2106 Et

36 2161 86 2195 vero
96 2151 205 2207 quemvis
215 2150 242 2194 in
252 2149 299 2194 bac
308 2148 447 2195 Bibliorum
456 2145 635 2205 recognitione
644 2146 671 2192 in
681 2145 809 2192 codicibus
818 2145 959 2192 manuscri-

36 2233 87 2291 ptis,
95 2234 229 2291 Hebraeis,
245 2233 397 2288 Graecisque
407 2232 533 2290 lontibus,
549 2233 575 2276 et
583 2230 645 2288 ipsis
656 2233 769 2276 veterum
779 2229 880 2276 Petrum
890 2243 959 2276 com-

35 2319 148 2366 mentariis
162 2316 324 2366 conterendis
337 2329 390 2361 non
406 2315 534 2361 mediocre
551 2313 660 2360 studium
677 2314 813 2360 adhibitum
824 2313 914 2371 luerit3
933 2314 960 2359 in

35 2398 73 2444 hac
85 2404 163 2450 umen
178 2393 328 2460 pervulgata
340 2398 451 2444 lectione
466 2397 531 2444 sicut
543 2397 669 2444 nonnulla
678 2397 795 2444 consulto
804 2400 911 2456 mutato,
925 2398 961 2442 ita

38 2484 99 2530 enan
110 2486 178 2545 alia,
191 2497 255 2542 quae
268 2482 387 2528 mutanda
407 2481 569 2539 videbantur,
589 2481 707 2528 consulto
726 2482 854 2527 immutata
871 2480 961 2526 relicta

38 2571 145 2625 muttum
155 2569 223 2627 qood
233 2569 269 2614 ite
277 2566 419 2614 laciendum
430 2577 486 2612 esse
496 2565 527 2610 ad
538 2565 705 2612 offensionem
715 2564 866 2623 populorum
875 2564 960 2609 vitan-

39 2648 83 2695 lsn
96 2653 119 2699 S.
132 2654 304 2710 Hieronymus
314 2650 337 2708 ¹¹)
352 2663 404 2694 non
418 2647 497 2694 semel
513 2648 654 2694 admonuit:
672 2652 724 2694 tum
738 2647 805 2703 qnod
817 2645 892 2692 facile
906 2646 960 2692 fieri

37 2729 961 2750 -—....-.-.-------—----—--

81 2781 98 2832 ¹)
113 2781 176 2830 Quod
191 2781 276 2822 dictum
290 2776 461 2821 Bellarmini
477 2789 490 2817 u
505 2778 599 2818 veritate
615 2776 693 2824 abest5
712 2775 820 2816 correctio
836 2775 894 2816 enim
905 2772 960 2815 bibl.

38 2845 213 2901 siminorum,
232 2853 257 2893 in
276 2851 356 2906 quibus
371 2847 442 2890 uuita
456 2851 522 2890 erant
539 2859 658 2902 perperam
671 2850 769 2897 mutata,
787 2859 859 2900 neque
873 2849 960 2888 tantum

37 2919 91 2975 culpa
99 2930 120 2966 et
129 2925 210 2968 erratis
220 2921 423 2977 typographorum,
433 2921 539 2962 instituta
550 2920 637 2961 demum
648 2923 683 2960 est
694 2918 833 2971 Gregorio
847 2915 921 2961 XIV·
937 2922 961 2959 et
973 2931 975 2936 ·

39 2990 172 3039 Clemente
189 2994 268 3037 vlll.
285 2994 441 3048 pontificibus,
452 2993 475 3034 in
485 2996 595 3034 conventu
605 2989 759 3033 Carrlinalium
769 2996 792 3032 et
802 2991 916 3032 doctorum
926 2991 960 3031 vi·

38 3075 105 3109 rorum.
132 3068 205 3120 liujus
218 3068 252 3109 rei
269 3071 374 3110 narrator
391 3066 411 3106 is
429 3065 489 3106 idem
504 3069 540 3106 est
558 3061 756 3106 Bellarminns
774 3062 800 3104 in
815 3061 883 3104 vita
902 3073 961 3103 sua„

38 3134 82 3180 lule
91 3140 173 3184 lsctnnr
183 3145 228 3188 est,
242 3143 268 3180 ut
278 3142 331 3193 post
341 3141 432 3179 mortem
443 3135 492 3188 ejus
501 3135 583 3178 relatio
594 3138 654 3178 inter
663 3133 759 3177 Sanctus
769 3135 920 3181 canonizatus,
932 3133 958 3173 sle

40 3221 73 3259 qus
81 3211 170 3254 consilia
179 3212 263 3254 Romae
273 3211 408 3262 agebantur,
419 3207 447 3248 ab
458 3204 545 3260 aliquot
556 3205 714 3249 Cardinalilsus
725 3207 745 3247 ei
756 3211 888 3257 negaretur,
900 3203 959 3256 quod

40 3285 162 3328 snendscio
172 3298 217 3326 non
225 3283 343 3334 refugerit.
373 3279 410 3321 (Χ.
424 3291 477 3320 von
491 3279 544 3320 Ess
554 3277 570 3319 l.
583 3293 601 3320 c.
612 3293 635 3334 p.
647 3282 688 3321 298
698 3292 732 3333 sq.

38 3376 363 3394 w—

84 3425 106 3476 o)
120 3424 193 3479 Epist.
205 3423 233 3463 ad
246 3420 352 3462 Sunnism
364 3424 387 3462 et
396 3417 519 3461 Fretellsm
530 3419 605 3474 praef.
616 3415 724 3469 Evangel.
733 3415 762 3456 sd
772 3415 900 3457 Damasum.
