2206 3880
220 121 492 165 contstnnsnulo
519 121 727 166 issooctcn.
891 123 952 168 XIII

70 237 73 248 ⁴
95 249 217 307 Culmen
229 249 419 326 apostolicum
434 268 498 305 cum
512 247 672 308 celestinus
686 250 803 308 heberet

92 331 210 388 Primus
223 341 255 387 ut
268 334 298 386 in
311 339 373 386 toto
386 332 511 407 fulgeret
524 334 671 406 episcopus
686 333 757 389 orbe·

92 414 177 470 Haec
190 433 262 489 quae
275 415 390 470 miraris
403 414 535 471 fundavit
546 415 695 490 presbyter
708 417 786 472 urbis

91 498 212 574 Illyrica
226 496 260 551 de
273 505 360 572 gente
371 495 473 552 Petrus
487 499 532 554 vir
544 499 660 552 nomine
672 507 752 554 tanto

91 579 210 656 Dignus
223 579 258 636 alt
274 587 375 636 exortu
389 577 498 636 Christi
509 581 635 635 nutritus
649 583 679 636 in
693 583 758 636 aula

89 662 271 737 Pauperibus
284 663 409 736 locuples
422 662 477 718 sibi
490 680 597 736 pauper
611 665 660 738 qui
675 663 749 718 bona
761 667 839 721 vitae

89 745 258 802 Praesentis
271 744 385 820 fugiens
398 747 504 802 meruit
516 747 630 818 sperare
642 745 768 804 suturam
784 744 825 822 ¹).

15 865 168 938 Superest,
196 869 229 916 ut
248 861 410 931 evincatur,
436 863 500 936 quis
518 863 556 916 sit
574 862 605 916 in
623 863 718 916 locum
735 862 845 920 obbatis
865 861 951 922 Petri

15 944 277 1024 longobardorum,
291 945 340 1019 qui
350 963 377 999 v.
393 943 420 999 5.
435 963 514 999 eraso
529 946 644 999 nomine
657 947 774 1019 antiquo
788 965 869 1002 suum
884 949 950 1003 sub-

16 1032 120 1098 stituit,
144 1026 332 1099 reponendus.
374 1025 516 1102 Antiquae
532 1045 601 1082 vero
615 1029 773 1100 scripturae
786 1037 897 1086 tantum
914 1033 949 1084 li-

15 1121 70 1166 tera
83 1109 108 1164 E
121 1117 261 1184 superest.
704 1105 708 1114 '

71 1209 135 1266 Jam
152 1206 287 1263 BstNl
307 1208 418 1263 curiose
441 1211 559 1264 volvens
583 1209 702 1280 librum,
728 1218 760 1264 ut
783 1211 950 1282 scriptorem

16 1297 190 1368 primumque
213 1290 378 1345 donatorem
397 1309 508 1366 quoquo
523 1291 606 1348 modo
621 1291 778 1347 indicatum
793 1290 949 1368 detegeret,

18 1387 183 1451 anteaquam
197 1375 227 1430 in
240 1390 341 1428 verum
354 1373 510 1447 inciderat,
532 1384 648 1448 propter
665 1374 752 1430 verba
766 1394 793 1430 v.
809 1375 836 1429 6.
851 1382 950 1430 estre-

16 1461 64 1513 mis
77 1460 111 1516 de
117 1457 234 1529 finibus
245 1451 355 1520 Albas,
375 1453 409 1510 dc
421 1455 529 1512 Abbate
544 1457 664 1532 quodam
679 1456 799 1533 Anglioe
813 1466 862 1512 aut
878 1454 950 1512 Ger-

19 1543 135 1612 maniae,
150 1539 201 1615 qui
214 1536 344 1612 pontifici
357 1534 485 1594 Romano
499 1542 612 1596 muneri
626 1539 736 1594 dederit
750 1539 887 1610 codicem,
903 1559 950 1595 co-

19 1623 164 1698 gitandum
177 1639 239 1678 esse
254 1622 387 1693 conjecit.
422 1619 480 1676 Sed
494 1641 562 1678 ulex
575 1625 605 1677 in
620 1624 767 1678 meliorem
781 1625 952 1679 sententiam

20 1706 151 1762 deductus
163 1712 214 1760 est.
245 1701 362 1758 Etenim
369 1705 400 1758 in
411 1705 488 1759 calce
496 1706 563 1761 libri
570 1704 666 1760 Exodi
674 1706 829 1779 majoribus
839 1708 951 1781 graecis

20 1791 103 1844 literis
115 1803 223 1844 nomen
236 1787 384 1860 scriptoris
397 1787 437 1842 ito
456 1791 634 1844 enuntiatum
648 1790 771 1844 invenit:
801 1793 823 1842 O
838 1795 868 1841 K
871 1794 955 1842 YPIC

22 1872 235 1925 ournnnnoo
245 1873 469 1933 Amofflomv,
488 1871 518 1926 id
531 1881 574 1926 est
588 1868 768 1926 DOMINUS
783 1867 951 1926 SERVAll-

22 1951 90 2010 DUS
110 1949 240 2009 FECIT.
281 1949 346 2006 Hoc
368 1961 481 2026 reperto
501 1955 616 2008 nomine
636 1947 730 2024 εὕρηκα
753 1954 901 2023 clamavit,
923 1963 953 2008 et

19 2040 91 2108 jure3
117 2054 187 2092 nam
207 2036 283 2090 ultra
295 2035 430 2110 progredi
447 2036 539 2090 licuit.
581 2033 724 2092 Lustrstis
739 2036 816 2090 enim
828 2033 952 2092 Annali-

23 2119 66 2174 lse
83 2118 286 2176 Benedictinie
304 2115 350 2172 lo.
364 2115 536 2174 Minimum
555 2119 690 2174 inventus
708 2125 751 2174 est
769 2113 805 2173 Τ.
826 2115 848 2172 1.
860 2136 888 2191 p.
902 2117 950 2174 86.

23 2202 67 2256 rub
80 2219 154 2256 anno
168 2199 238 2256 541.
254 2197 457 2270 Sunvsunus,
472 2202 628 2276 discipulus
640 2199 669 2258 S.
683 2198 852 2266 Benedicti,
866 2200 951 2256 ebbae

23 2283 182 2340 nonasterii
201 2277 349 2340 eLiderio
363 2281 487 2340 Patritio
510 2286 541 2339 in
558 2283 696 2340 honorem
714 2284 848 2358 martyris
861 2281 951 2340 Seda-

25 2369 109 2422 stioni
121 2364 275 2424 aedificati.
317 2361 452 2422 Liberius
463 2369 509 2423 vir
523 2367 666 2442 ingenuae
679 2365 782 2422 indolis
796 2364 846 2420 suh
861 2361 952 2424 Theo-

25 2450 114 2505 derico
132 2467 205 2524 rege
223 2446 280 2503 fuit
298 2447 460 2521 praefectus
477 2451 621 2523 praetorio
644 2445 804 2504 Galliarum
821 2466 873 2521 pro
893 2444 952 2503 Go-

25 2527 84 2600 this,
96 2540 197 2606 posteo
210 2528 261 2586 sub
275 2528 407 2588 Alarico.
436 2529 469 2585 In
484 2529 638 2605 Campania
650 2528 790 2600 Romans,
804 2529 952 2586 infinibus

27 2609 94 2668 Latii
119 2615 201 2670 loeus
222 2615 390 2668 monasterii
417 2622 479 2669 erat
508 2633 596 2687 prope
618 2612 764 2671 Alarinam
795 2613 952 2683 civitatem,

25 2691 91 2752 haud
103 2699 190 2773 longe
204 2713 221 2750 a
234 2693 356 2750 Verulis.
398 2693 480 2752 Unde
494 2693 680 2752 Snnvnnnus
695 2695 787 2750 Abbas
804 2693 885 2749 facili
902 2713 952 2749 ne-

27 2781 94 2850 gotio
116 2780 286 2855 magistrum
310 2797 392 2833 suum
405 2776 597 2836 Benedictum
616 2780 646 2833 in
665 2774 763 2833 Monte
784 2773 891 2832 Casino
908 2773 952 2856 ²),

27 2859 167 2936 degentem
185 2879 243 2916 une
263 2879 328 2916 cum
348 2861 452 2916 dilecta
479 2861 595 2917 cohorte
615 2857 819 2916 monachorum
838 2877 953 2915 suorum

28 2941 95 2998 adire
106 2945 215 3019 potuit,
233 2952 266 3000 ut
280 2944 396 2999 coelesti
414 2945 596 3001 institutione
615 2943 717 2999 summi
731 2943 788 2997 viri
801 2941 952 2999 frueretur.

86 3134 111 3192 l)
129 3137 159 3180 V.
171 3147 234 3192 opus
245 3135 374 3180 clausum
392 3134 448 3180 Vct.
458 3133 569 3182 euenum.
581 3137 611 3183 Τ.
621 3137 641 3181 l.
653 3149 674 3182 e.
685 3133 753 3180 XXI.
768 3145 792 3190 p.
803 3133 860 3180 190.
871 3132 952 3191 (Rom.

31 3199 93 3244 1690.
103 3201 158 3260 iol.)
170 3215 226 3247 eum
236 3201 321 3248 tabule
330 3202 477 3248 continente
488 3216 597 3249 carmen.

87 3268 112 3326 2)
129 3271 159 3315 V.
176 3267 370 3326 descriptionem
386 3272 411 3315 et
426 3271 528 3315 brevem
543 3269 674 3316 historiam
684 3265 816 3314 clarissimi
825 3267 953 3310 monoste-

32 3331 58 3376 rii
67 3337 89 3378 et
97 3335 261 3382 bibliothecoe
270 3335 365 3384 Montis
374 3337 465 3383 Casini
472 3337 499 3382 in
509 3337 575 3385 libro
585 3349 654 3384 meo:
671 3331 869 3394 witeentchoftl.
879 3329 954 3378 Reios

33 3401 71 3444 eto.
80 3402 96 3446 l.
107 3404 129 3448 2.
138 3417 162 3462 p.
172 3403 321 3450 lot—172.

1075 136 1078 222 1

1076 345 1079 472 l
